property,date,price,bedrooms,bathrooms,sqft_living,sqft_lot,floors,waterfront,view,condition,grade,sqft_above,sqft_basement,yr_built,yr_renovated,zipcode,lat,long,sqft_living15,sqft_lot15
5467900070,20140502,3.42e+5,3,2,1930,11947,1,0,0,4,8,1930,0,1966,0,98042,47.3672,-122.151,2200,12825
7197300105,20140502,5.50e+5,4,2.5,1940,10500,1,0,0,4,7,1140,800,1976,0,98052,47.683,-122.114,2200,10500
7525100520,20140502,3.35e+5,2,2,1350,2560,1,0,0,3,8,1350,0,1976,0,98052,47.6344,-122.107,1790,2560
2591720070,20140502,4.82e+5,4,2.5,2710,35868,2,0,0,3,9,2710,0,1989,0,98038,47.375,-122.022,2780,36224
7739100015,20140502,4.63e+5,3,1.75,1710,7320,1,0,0,3,7,1710,0,1948,0,98155,47.7512,-122.281,2260,8839
4217401055,20140502,1.40e+6,4,2.5,2920,4000,1.5,0,0,5,8,1910,1010,1909,0,98105,47.6578,-122.28,2470,4000
3390600010,20140502,3.65e+5,3,1,1090,6435,1,0,0,4,7,1090,0,1955,0,98106,47.5334,-122.365,1340,6435
4219400290,20140502,1.20e+6,5,2.75,2910,9480,1.5,0,0,3,8,2910,0,1939,0,98105,47.6552,-122.278,2940,6600
2618300080,20140502,2.43e+5,3,1.5,1200,9720,1,0,0,4,7,1200,0,1965,0,98042,47.4225,-122.153,1380,10284
3328500250,20140502,2.85e+5,4,2.5,2200,9397,2,0,0,3,8,2200,0,1987,0,98001,47.3406,-122.269,2310,9176
2011000010,20140502,2.58e+5,3,1.75,1370,5858,1,0,0,3,7,1370,0,1987,0,98198,47.3815,-122.313,1400,7500
776600130,20140502,2.75e+5,3,1.5,1180,10277,1,0,0,3,6,1180,0,1983,0,98045,47.488,-121.787,1680,11104
5652600185,20140502,7.50e+5,3,1.75,2240,10578,2,0,0,5,8,1550,690,1923,0,98115,47.6954,-122.292,1570,10578
1962200037,20140502,6.26e+5,3,2.25,1750,1572,2.5,0,0,3,9,1470,280,2005,0,98102,47.6498,-122.321,2410,3050
1088800850,20140502,6.13e+5,4,2.5,2730,12261,2,0,0,3,9,2730,0,1991,0,98011,47.7419,-122.205,2730,10872
472000620,20140502,7.90e+5,3,2.5,2600,4750,1,0,0,4,9,1700,900,1951,0,98117,47.6833,-122.4,2380,4750
3876200060,20140502,3.83e+5,4,1.75,1560,8700,1,0,0,4,7,1560,0,1967,0,98034,47.7274,-122.181,2080,8000
7305300695,20140502,6.25e+5,4,2.5,2820,8408,2,0,0,3,9,2820,0,2014,0,98155,47.7538,-122.325,1300,8408
3221059036,20140502,4.00e+5,4,2.5,3630,42884,1.5,0,0,3,9,2300,1330,1979,0,98092,47.2617,-122.19,2830,80148
1982201345,20140502,4.40e+5,2,1,800,4850,1,0,0,4,7,800,0,1944,0,98107,47.6639,-122.364,1150,4365
2025700730,20140502,2.87e+5,3,3,1850,19966,1,0,0,4,7,1090,760,1992,0,98038,47.3493,-122.034,1410,6715
5072200040,20140502,4.03e+5,3,2,1960,13100,1,0,2,5,8,1650,310,1957,0,98166,47.4419,-122.34,1960,10518
943100683,20140502,3.35e+5,3,2.25,1580,16215,1,0,0,4,7,1580,0,1978,0,98024,47.5643,-121.897,1450,16215
2391600950,20140502,4.40e+5,3,2.5,1770,2875,2,0,0,3,8,1770,0,1990,0,98116,47.5631,-122.397,1770,3833
1771000430,20140502,3.15e+5,3,1,1160,9180,1,0,0,3,7,1160,0,1968,0,98077,47.7427,-122.072,1160,10282
6403500290,20140502,4.08e+5,3,2.5,1930,10460,2,0,0,3,8,1930,0,1996,0,98059,47.4938,-122.161,2290,8228
8673400086,20140502,4.46e+5,3,2.5,1270,1180,3,0,0,3,8,1270,0,2001,0,98107,47.6697,-122.392,1320,1180
2326059099,20140502,8.38e+5,4,2.5,3310,42998,2,0,0,3,9,3310,0,2001,0,98052,47.7232,-122.131,3350,42847
7525410190,20140502,5.50e+5,3,1.75,2910,35200,1.5,0,0,3,8,2910,0,1979,0,98075,47.5747,-122.035,2590,37500
2201501015,20140502,4.30e+5,4,1.5,1920,10000,1,0,0,4,7,1070,850,1954,0,98006,47.5725,-122.133,1450,10836
2423600100,20140502,4.92e+5,4,1.75,2190,125452,1,0,2,3,9,2190,0,1968,0,98092,47.2703,-122.069,3000,125017
2771102144,20140502,3.85e+5,3,3.25,1320,1327,2,0,0,3,8,1040,280,2008,0,98199,47.6506,-122.383,1440,1263
3438501320,20140502,2.95e+5,2,2.5,1630,1368,2,0,0,3,7,1280,350,2009,0,98106,47.5489,-122.363,1590,2306
8564860280,20140502,4.60e+5,3,2.5,2680,5539,2,0,0,3,8,2680,0,2013,0,98045,47.4761,-121.734,2990,6037
3832050580,20140502,3.00e+5,3,2.5,2540,5050,2,0,0,3,7,2540,0,2006,0,98042,47.3358,-122.055,2280,5050
8682250090,20140504,7.75e+5,2,2.5,2680,7392,1,0,0,3,9,2680,0,2004,0,98053,47.717,-122.026,2315,7045
2591830130,20140504,3.65e+5,3,2.5,2200,7350,1,0,0,5,8,1570,630,1988,0,98058,47.4395,-122.161,2350,7557
4137010530,20140504,3.32e+5,4,2.5,2530,9933,2,0,2,3,8,2010,520,1990,0,98092,47.2654,-122.216,2140,9933
9829201058,20140504,7.84e+5,3,2.5,2850,7130,2,0,0,3,10,1990,860,1980,0,98122,47.603,-122.289,2280,6459
1954440060,20140505,5.60e+5,3,2.5,1900,8744,2,0,0,3,8,1900,0,1987,0,98074,47.62,-122.043,2030,8744
325059171,20140505,9.00e+5,3,1,1330,77972,1,0,0,3,7,1330,0,1928,1954,98033,47.6891,-122.159,1340,17689
6865200444,20140505,5.31e+5,2,3,1270,1175,2,0,0,3,8,1110,160,2000,0,98103,47.6634,-122.34,1290,1800
9828700200,20140505,8.31e+5,4,3,2170,4000,2,0,0,4,9,1610,560,1982,2011,98112,47.6196,-122.292,1670,4000
1549500370,20140505,2.10e+5,3,1,1340,306848,1,0,0,3,5,1340,0,1953,0,98019,47.7534,-121.912,1800,128066
9512000140,20140505,7.55e+5,4,2.5,2120,10202,1,0,0,4,7,1620,500,1960,0,98005,47.5858,-122.17,1570,10762
3629910240,20140505,7.05e+5,3,2.5,2490,4343,2,0,0,3,9,2490,0,2003,0,98029,47.5493,-121.993,2130,4106
6896300375,20140505,5.80e+5,2,1,2540,7000,1,0,0,5,8,1320,1220,1942,0,98118,47.5259,-122.261,2160,6000
5561301280,20140505,4.10e+5,3,2.25,1800,36704,1,0,0,4,8,1360,440,1978,0,98027,47.4688,-122.013,2730,36404
3574801780,20140505,4.85e+5,4,3,2340,7048,1,0,0,4,8,1340,1000,1979,0,98034,47.7306,-122.227,1440,8088
5589900590,20140505,4.00e+5,2,1.75,2110,9519,1,0,0,2,7,2110,0,1948,0,98155,47.7504,-122.306,1480,9519
9828700900,20140505,5.49e+5,2,1,1140,5400,1,0,0,5,7,1140,0,1908,0,98112,47.6205,-122.294,1520,4800
2488200459,20140505,4.05e+5,2,3,1410,1240,2,0,0,3,8,1140,270,2006,0,98136,47.5221,-122.39,1410,1273
2946001645,20140505,2.32e+5,2,1,1200,8063,1,0,0,4,6,1200,0,1958,0,98198,47.4204,-122.324,1200,7500
3619600143,20140505,6.50e+5,3,1.5,2160,9000,1,0,2,4,8,1400,760,1949,0,98177,47.7241,-122.369,3010,9000
6821101870,20140505,5.24e+5,3,1.75,1560,5520,1,0,0,4,6,780,780,1944,0,98199,47.6515,-122.399,1470,6000
9822700255,20140505,6.70e+5,3,2.5,1680,2000,3,0,0,3,9,1680,0,1909,1998,98105,47.6604,-122.29,1950,5000
1196000007,20140505,3.85e+5,5,2.5,3090,12750,1,0,0,3,8,1750,1340,1968,0,98023,47.3408,-122.335,1760,25919
4309710250,20140505,7.37e+5,4,2.5,3180,21904,2,0,3,3,9,3180,0,2000,0,98059,47.515,-122.117,3715,29170
6143600580,20140505,1.84e+5,3,1.75,1490,10125,1,0,0,4,7,1490,0,1962,0,98001,47.3075,-122.284,2488,4981
23500180,20140505,5.70e+5,3,2.25,2010,6000,1,0,0,3,8,1330,680,1975,0,98052,47.6912,-122.115,2080,8260
259600530,20140505,5.01e+5,4,1,2070,7519,1,0,0,3,7,1160,910,1963,0,98008,47.632,-122.119,1730,7519
2487700065,20140505,4.00e+5,2,1,840,5510,1,0,0,3,7,840,0,1955,0,98136,47.5247,-122.391,1630,5510
1898700310,20140505,2.20e+5,4,1.5,1240,9600,1,0,0,3,7,1240,0,1971,0,98023,47.3206,-122.397,1240,9592
1402810140,20140505,3.00e+5,3,2,1050,10072,1,0,0,3,7,1050,0,1986,0,98019,47.7341,-121.976,1130,10087
1823069155,20140505,5.26e+5,5,1.75,2550,71874,1,0,0,5,7,1810,740,1960,0,98027,47.4845,-122.08,2170,51400
1861400060,20140505,7.40e+5,4,1.75,2010,3600,1.5,0,0,3,7,2010,0,1902,0,98119,47.6337,-122.371,2010,3600
1446403305,20140505,2.06e+5,2,1,810,7158,1,0,0,5,6,810,0,1944,0,98168,47.4882,-122.325,1090,7158
1225069038,20140505,2.28e+6,7,8,13540,307752,3,0,4,3,12,9410,4130,1999,0,98053,47.6675,-121.986,4850,217800
6402710120,20140505,3.10e+5,3,2.5,1880,7838,2,0,0,3,7,1880,0,1994,0,98055,47.4439,-122.19,1810,7915
263000155,20140505,4.18e+5,3,2,1410,6030,1.5,0,0,4,7,1410,0,1930,0,98103,47.6994,-122.347,1410,6300
6145600865,20140505,4.49e+5,4,2,1480,3844,1.5,0,0,5,7,1480,0,1928,0,98133,47.7042,-122.352,1480,3844
3329520410,20140505,2.45e+5,3,1.75,1920,9306,1,0,0,3,7,1000,920,1984,0,98001,47.3319,-122.267,1860,8458
8653900150,20140505,8.00e+5,3,2.5,3240,7857,2,0,0,3,10,3240,0,1994,0,98075,47.5857,-122.038,2970,7857
1823069213,20140505,2.50e+5,3,2,1550,15040,1,0,0,4,6,1550,0,1958,0,98059,47.4873,-122.099,1510,41416
7784400130,20140505,4.97e+5,6,2.75,3200,9200,1,0,2,4,8,1600,1600,1953,0,98146,47.492,-122.364,2220,9500
4385700425,20140505,1.43e+6,2,2.5,2220,4000,2,0,0,3,9,2220,0,2000,0,98112,47.6364,-122.28,1870,4000
2790410250,20140505,6.15e+5,4,1.75,2300,11700,1,0,0,4,9,1960,340,1977,0,98052,47.6331,-122.094,2840,12000
1868900775,20140505,6.19e+5,3,2,1800,5000,1,0,0,4,7,1080,720,1942,0,98115,47.6738,-122.297,1800,5000
2558720120,20140505,4.88e+5,4,1.75,2010,9211,1,0,0,3,7,1470,540,1977,0,98034,47.7206,-122.171,1840,8500
1862400176,20140505,6.32e+5,4,2.5,2440,6651,2,0,0,3,9,2440,0,2014,0,98117,47.6971,-122.371,1350,7653
8648900110,20140505,5.55e+5,3,2.5,1940,3211,2,0,0,3,8,1940,0,2009,0,98027,47.5644,-122.093,1880,3078
3644100086,20140505,3.40e+5,2,1.5,1160,1438,2,0,0,3,7,1160,0,2001,0,98144,47.5917,-122.295,1220,1740
8562710250,20140505,8.90e+5,4,4.25,4420,5750,2,0,0,3,10,3410,1010,2006,0,98027,47.5404,-122.073,4420,5750
6632300212,20140505,3.67e+5,3,3,1571,2017,3,0,0,3,8,1571,0,2008,0,98125,47.7338,-122.309,1520,1497
259500270,20140505,4.78e+5,3,2.5,3040,4535,2,0,0,3,9,3040,0,2007,0,98056,47.51,-122.185,2670,4666
8138870530,20140505,4.19e+5,2,2.5,1590,1426,2,0,0,3,8,1590,0,2014,0,98029,47.5441,-122.013,1590,1426
6666830250,20140505,7.12e+5,4,2.5,2450,4247,2,0,0,3,8,2450,0,2013,0,98052,47.7048,-122.113,2970,4685
3754700160,20140506,3.97e+5,4,2,1440,7680,1,0,0,3,7,1200,240,1971,0,98034,47.7245,-122.2,1460,9660
5701800030,20140506,6.09e+5,4,2.5,2150,37981,2,0,0,3,9,2150,0,1985,0,98052,47.7227,-122.098,2450,37981
3176100110,20140506,6.50e+5,3,1.5,1630,7475,1,0,1,3,7,1160,470,1940,0,98115,47.6725,-122.272,2320,7475
3524039209,20140506,1.14e+6,4,2.75,3370,8103,1,0,3,3,9,1970,1400,1970,2014,98136,47.5232,-122.383,2120,6360
9477001280,20140506,4.25e+5,4,2,1520,7983,1,0,0,5,7,1520,0,1967,0,98034,47.7357,-122.193,1520,7783
4302200535,20140506,2.19e+5,2,1,900,5160,1,0,0,3,6,900,0,1952,0,98106,47.525,-122.356,900,5160
4040800090,20140506,3.90e+5,3,1.75,1260,6500,1,0,0,4,7,1260,0,1966,0,98008,47.6224,-122.116,1500,7700
114100745,20140506,4.75e+5,6,3,3470,117612,1.5,0,0,3,7,3470,0,1924,0,98028,47.7663,-122.234,2120,17100
8656300380,20140506,2.72e+5,3,2.5,1650,13816,2,0,0,3,7,1650,0,1998,0,98014,47.6553,-121.912,1650,15144
2923049372,20140506,3.62e+5,3,2.25,1640,14374,1,0,0,4,7,1140,500,1963,0,98148,47.4476,-122.332,2020,10500
9564800145,20140506,1.75e+5,3,1,1010,7034,1,0,0,3,7,1010,0,1954,0,98055,47.49,-122.22,1440,10994
9828702513,20140506,4.60e+5,2,2.25,1230,929,2,0,0,3,8,1020,210,2004,0,98122,47.6191,-122.301,1270,1370
2558700090,20140506,4.55e+5,5,2.5,2240,7770,1,0,0,3,7,1340,900,1978,0,98034,47.7198,-122.171,1820,7770
1777600230,20140506,6.10e+5,4,3,2450,10117,1,0,0,5,8,1580,870,1967,0,98006,47.5694,-122.132,2530,10125
579002870,20140506,6.13e+5,4,2,2060,5000,1,0,0,3,7,1030,1030,1949,2013,98117,47.6992,-122.379,1280,5000
1995200200,20140506,3.14e+5,3,1,1510,6083,1,0,0,4,6,860,650,1940,0,98115,47.6966,-122.324,1510,5712
2771600350,20140506,5.75e+5,3,1.75,2130,6500,1,0,2,3,8,1170,960,1954,0,98199,47.6424,-122.386,2020,5000
1068000520,20140506,1.23e+6,4,2.25,3490,6906,2,0,0,4,10,2280,1210,1928,0,98199,47.6424,-122.407,2540,6223
6070500055,20140506,5.99e+5,4,2.25,2260,29930,2,0,0,4,8,1400,860,1977,0,98006,47.5689,-122.126,2770,29930
6150700394,20140506,3.65e+5,3,1.5,1310,8160,1,0,0,3,7,1310,0,1950,0,98133,47.7291,-122.339,1090,7560
6751300065,20140506,5.18e+5,3,1.5,1430,8000,1,0,0,4,7,1430,0,1956,0,98007,47.5874,-122.136,1450,8000
3396820150,20140506,5.62e+5,5,2.25,3040,8111,2,0,0,3,8,3040,0,1984,0,98052,47.7157,-122.103,2020,8304
7300200290,20140506,6.50e+5,5,3.5,3480,36615,2,0,0,4,8,2490,990,1983,0,98075,47.5741,-122.05,2540,35910
2436200715,20140506,4.84e+5,2,1.75,1660,6000,1,0,0,3,7,1160,500,1942,0,98105,47.6624,-122.291,1660,4000
3205100130,20140506,3.87e+5,3,1,1230,9568,1,0,0,5,7,1230,0,1962,0,98056,47.539,-122.179,1270,9575
3862400050,20140506,4.65e+5,3,2.25,1970,11088,1,0,0,4,8,1180,790,1967,0,98155,47.7651,-122.277,1970,10470
226039075,20140506,6.56e+5,4,3.5,3380,8330,2,0,0,3,8,3380,0,2000,0,98177,47.7741,-122.379,2220,8330
9482700440,20140506,5.33e+5,5,2.75,1800,3780,1.5,0,0,3,7,1400,400,1926,0,98103,47.6831,-122.343,1400,3780
2742100009,20140506,3.85e+5,3,1.75,1900,5520,1,0,0,3,7,1280,620,1982,0,98118,47.5549,-122.292,1330,5196
9550200650,20140506,4.99e+5,2,1.75,1170,2400,1,0,0,4,7,740,430,1903,0,98103,47.6653,-122.333,1570,3919
2025049161,20140506,1.05e+6,3,2.5,2200,1970,2,0,0,3,9,1610,590,2008,0,98102,47.6426,-122.327,1890,3505
1788700230,20140506,1.91e+5,3,1.5,800,8850,1,0,0,4,6,800,0,1959,0,98023,47.3266,-122.348,820,8775
9828702265,20140506,5.00e+5,3,2.5,1480,1171,3,0,0,3,8,1480,0,2006,0,98112,47.62,-122.3,1480,1231
993000327,20140506,3.70e+5,3,2,1270,1320,3,0,0,3,8,1270,0,2006,0,98103,47.6937,-122.342,1370,1320
524059063,20140506,1.80e+6,5,5,4490,10279,2,0,0,3,10,3930,560,2013,0,98004,47.5974,-122.202,2490,10279
2985800030,20140507,4.95e+5,3,1,990,6000,1,0,0,3,6,990,0,1943,0,98105,47.6718,-122.267,1250,6000
6332940070,20140507,5.10e+5,4,2.5,2430,5203,2,0,0,3,8,2430,0,2003,0,98155,47.7402,-122.317,2260,7474
1117200390,20140507,1.15e+6,4,4,4460,103382,2,0,0,3,11,4460,0,2001,0,98053,47.634,-121.997,3470,88519
5636000400,20140507,2.53e+5,3,1.75,1250,10122,1,0,0,3,7,1250,0,1994,0,98010,47.3277,-122.001,1980,10175
2322069168,20140507,6.30e+5,3,2.5,2680,327135,2,0,0,3,8,2680,0,1995,0,98010,47.3783,-122.003,2020,60080
7932000078,20140507,3.10e+5,3,1.75,2070,37904,1,0,0,4,7,1420,650,1973,0,98058,47.425,-122.186,2011,19110
1425059178,20140507,4.60e+5,3,2,1760,9055,2,0,0,4,7,1760,0,1985,0,98052,47.6534,-122.128,2010,9383
2785000290,20140507,6.75e+5,3,1.75,1680,10500,1,0,0,4,8,1680,0,1959,0,98005,47.6098,-122.169,2250,10400
1972201856,20140507,5.26e+5,2,2,1550,2400,1.5,0,0,4,7,1550,0,1900,0,98103,47.654,-122.346,1180,1224
425079099,20140507,5.60e+5,3,3,4120,60392,2,0,2,3,9,3180,940,1994,0,98014,47.6804,-121.913,2770,64033
7503000020,20140507,4.15e+5,4,3,1830,9548,2,0,0,3,7,1830,0,1991,0,98028,47.7379,-122.224,1740,9750
7159200005,20140507,3.20e+6,7,4.5,6210,8856,2.5,0,2,5,11,4760,1450,1910,0,98109,47.6307,-122.354,2940,5400
1822300040,20140507,4.20e+5,2,1.5,1040,3500,1.5,0,0,4,6,1040,0,1904,0,98144,47.588,-122.304,1340,1213
2726079061,20140507,5.35e+5,3,1.75,2720,149410,1.5,0,0,3,9,2720,0,1988,0,98014,47.7092,-121.892,2560,149410
142000165,20140507,7.50e+5,4,2.75,2600,6050,2,0,0,5,8,1960,640,1949,0,98116,47.5656,-122.4,1990,6050
7882900120,20140507,2.30e+5,3,2.5,1920,9180,2,0,0,3,8,1920,0,1988,0,98055,47.4818,-122.231,1930,7252
8679600150,20140507,5.81e+5,4,2,2510,13695,1,0,0,4,7,1280,1230,1961,2001,98033,47.7005,-122.174,1220,12500
6865200831,20140507,4.75e+5,2,1,820,2723,1,0,0,3,7,820,0,1921,0,98103,47.6623,-122.339,1370,3850
8682230400,20140507,4.28e+5,2,2,1350,3900,1,0,0,3,8,1350,0,2003,0,98053,47.7094,-122.03,1440,3900
8825900465,20140507,5.99e+5,3,1.75,1960,4788,1,0,0,4,7,1090,870,1920,0,98115,47.6746,-122.312,1960,3960
3073500045,20140507,4.92e+5,4,2.5,3305,16164,1.5,0,0,5,7,2245,1060,1922,1956,98133,47.7563,-122.338,1620,8883
2926069083,20140507,9.00e+5,5,3.75,4130,226076,2,0,0,3,9,3170,960,1985,0,98077,47.715,-122.065,4130,55321
9274201006,20140507,7.05e+5,4,2.5,2650,4316,1.5,0,0,3,8,1520,1130,1905,2013,98116,47.5866,-122.389,1690,5625
7548300441,20140507,3.00e+5,2,1,760,3001,1,0,0,3,6,760,0,1913,0,98144,47.5874,-122.311,1750,5000
1900600040,20140507,2.65e+5,5,1.5,1500,7112,1,0,0,5,6,760,740,1920,0,98166,47.4692,-122.35,1200,7112
1338800365,20140507,1.50e+6,6,2.5,3560,6480,2.5,0,0,4,11,3560,0,1914,0,98112,47.627,-122.304,2780,6480
1370803460,20140507,1.34e+6,3,3,2960,5500,2,0,2,3,10,2440,520,1937,1990,98199,47.6356,-122.402,2960,5876
7697870530,20140507,2.40e+5,3,2,1410,7566,1,0,0,3,7,1410,0,1985,0,98030,47.3674,-122.182,1570,7210
1394300005,20140507,3.61e+5,2,1,820,6400,1,0,0,4,7,820,0,1944,0,98126,47.55,-122.379,1490,6400
8121100255,20140507,4.40e+5,3,1.75,1500,6180,1,0,0,4,6,1060,440,1947,0,98118,47.5689,-122.284,1740,6180
8155850010,20140507,6.75e+5,4,4,3680,18804,2,0,0,3,10,3680,0,1990,0,98074,47.6193,-122.014,3200,15954
9545230280,20140507,5.60e+5,3,2,1860,13374,1,0,0,3,8,1860,0,1985,0,98027,47.5397,-122.054,1960,9797
6146600185,20140507,1.60e+5,2,1,1040,13100,1,0,0,5,6,1040,0,1912,0,98032,47.3877,-122.234,910,5080
6093900280,20140507,2.10e+5,3,1.5,1380,11130,1,0,0,3,7,1380,0,1960,0,98003,47.3146,-122.323,1380,9200
8648220150,20140507,2.27e+5,3,1.75,1640,10762,1,0,0,3,7,1130,510,1988,0,98042,47.3586,-122.074,1680,10259
6708200040,20140507,4.10e+5,4,2.75,2140,13000,1,0,0,3,7,1320,820,1968,0,98028,47.7683,-122.252,2360,11000
2325039067,20140507,6.90e+5,3,2,1760,6428,1,0,0,4,7,980,780,1942,0,98199,47.6388,-122.397,1760,6004
7401000040,20140507,4.05e+5,3,2.25,1660,8307,1,0,0,4,8,1660,0,1961,0,98133,47.7575,-122.352,2510,7800
2548100180,20140507,3.35e+5,3,2,1570,7200,1,0,0,4,7,1570,0,1952,0,98155,47.7501,-122.314,1410,7434
3758900259,20140507,1.04e+6,4,3.5,3900,8391,2,0,0,3,10,3900,0,2006,0,98033,47.6979,-122.205,3820,12268
4014400381,20140507,4.95e+5,4,2.75,2656,21195,2,0,0,3,9,2656,0,2014,0,98001,47.3162,-122.272,1860,16510
1601600167,20140507,3.65e+5,5,2.75,2410,5003,1,0,0,3,7,1410,1000,2008,0,98118,47.5298,-122.274,1590,5003
3753000010,20140507,4.17e+5,3,2.25,1606,1452,3,0,0,3,8,1606,0,2009,0,98125,47.7175,-122.284,1516,1939
9521100301,20140507,3.40e+5,2,1,820,681,3,0,0,3,8,820,0,2006,0,98103,47.6619,-122.352,820,1156
8566100200,20140508,9.80e+5,5,2.5,3160,11470,1,0,0,4,9,1780,1380,1971,0,98040,47.5368,-122.216,3260,11470
4167300350,20140508,2.58e+5,4,1.75,1730,8320,1,0,0,3,7,1230,500,1977,0,98023,47.327,-122.361,1840,9800
6127011000,20140508,5.38e+5,4,2.5,2550,4630,2,0,0,3,7,2550,0,2005,0,98075,47.5928,-122.004,2550,5151
128500260,20140508,2.62e+5,4,2.5,2020,6236,2,0,0,3,7,2020,0,2002,0,98001,47.2796,-122.247,1940,5076
6706600090,20140508,4.02e+5,3,2.5,1960,8000,1,0,0,4,7,1290,670,1977,0,98034,47.7249,-122.178,1960,8000
4302201130,20140508,2.05e+5,2,1,720,5040,1,0,0,3,6,720,0,1955,0,98106,47.5267,-122.36,1357,5120
5332200026,20140508,5.54e+5,2,2.5,1360,1349,2,0,0,3,8,1050,310,1997,0,98112,47.6254,-122.292,1430,4400
8857600820,20140508,2.60e+5,4,1.5,2130,8800,1,0,0,3,7,1100,1030,1962,0,98032,47.383,-122.288,1480,8120
5468730110,20140508,2.70e+5,4,2.5,1810,6509,2,0,0,3,7,1810,0,1994,0,98042,47.3531,-122.143,1760,7417
9151600541,20140508,7.19e+5,3,2.5,1690,4500,1.5,0,1,4,8,1690,0,1928,0,98116,47.5841,-122.383,2140,7200
5420800010,20140508,2.66e+5,3,2.5,1940,8547,1,0,0,3,7,1460,480,1989,0,98030,47.3491,-122.177,1750,7803
5468780250,20140508,3.26e+5,4,2.5,2320,6270,2,0,0,3,8,2320,0,2004,0,98042,47.3501,-122.14,2150,6270
5703000050,20140508,5.45e+5,3,2.25,1780,191228,2,0,2,3,8,1780,0,1988,0,98045,47.4575,-121.748,2440,87120
1200019,20140508,6.48e+5,4,1.75,2060,26036,1,0,0,4,8,1160,900,1947,0,98166,47.4444,-122.351,2590,21891
5700001640,20140508,1.04e+6,4,1,3410,5000,2,0,0,5,8,2190,1220,1910,0,98144,47.5807,-122.291,2550,5000
1026069120,20140508,5.90e+5,2,3,3160,66646,2,0,0,3,7,3160,0,1993,0,98077,47.7479,-122.034,3140,38790
6624010170,20140508,2.46e+5,3,1.75,1390,7399,1,0,0,4,7,1390,0,1975,0,98031,47.4183,-122.182,1460,7800
6813600415,20140508,5.15e+5,2,1,1060,4960,1,0,0,3,7,1060,0,1926,0,98103,47.6896,-122.331,1420,4960
7212650650,20140508,2.95e+5,3,2.5,1920,7229,2,0,0,3,8,1920,0,1993,0,98003,47.2659,-122.31,2310,8009
6381500035,20140508,3.85e+5,3,1.75,1890,9920,1,0,0,3,7,1230,660,1944,0,98125,47.7327,-122.306,1380,9086
4440400125,20140508,2.28e+5,4,1.75,2000,6120,1,0,0,3,7,1100,900,1965,0,98178,47.5035,-122.258,1880,6120
1336800240,20140508,1.75e+6,6,3,3510,5760,2.5,0,0,4,10,3510,0,1906,0,98112,47.6263,-122.312,3450,5760
2652500070,20140508,6.36e+5,2,1.75,1230,3600,1.5,0,0,5,7,1230,0,1925,0,98119,47.6423,-122.361,1210,4500
518500210,20140508,8.69e+5,3,2.5,2920,3942,3,0,0,3,10,2920,0,2008,0,98056,47.531,-122.204,2920,3942
179001046,20140508,2.29e+5,3,2.5,1190,3000,2,0,0,3,7,1190,0,2002,0,98178,47.4933,-122.275,1190,3000
1474000050,20140508,4.37e+5,3,1.75,1310,9282,1,0,0,4,7,1310,0,1976,0,98052,47.6844,-122.111,1310,8748
3528900086,20140508,1.31e+6,5,3.25,2800,3200,1.5,0,0,5,10,1910,890,1932,2002,98109,47.6421,-122.35,2450,3500
6633900170,20140508,5.95e+5,3,2.5,1750,3354,2,0,0,4,7,1750,0,1991,0,98033,47.6953,-122.199,1750,4286
9264950420,20140508,3.48e+5,4,2.5,2460,7350,2,0,0,3,9,2460,0,1989,0,98023,47.3061,-122.349,2390,8568
1823069102,20140508,5.24e+5,3,2.25,2430,73151,1,0,0,3,8,2430,0,1974,0,98059,47.4749,-122.092,2800,39250
2473100635,20140508,2.98e+5,3,2,1240,10800,1,0,0,3,7,1240,0,1967,2010,98058,47.449,-122.155,1480,8840
7957600025,20140508,2.45e+5,3,1.5,1260,7964,1,0,0,4,7,1260,0,1955,0,98148,47.4307,-122.334,1510,8776
7199340650,20140508,4.25e+5,3,1.75,1460,7700,1,0,0,3,7,1460,0,1979,0,98052,47.6981,-122.127,1720,7280
3356402020,20140508,2.30e+5,3,1,1390,16000,1,0,0,4,6,1390,0,1960,0,98001,47.2898,-122.251,1420,10000
8818400450,20140508,9.30e+5,3,3.25,2640,4080,2,0,0,3,9,1840,800,1912,2000,98105,47.6636,-122.326,1990,4080
5537200043,20140508,2.11e+5,4,1,2100,9200,1,0,0,3,7,1050,1050,1959,0,98168,47.476,-122.292,1540,10033
6431000206,20140508,8.35e+5,4,2,1910,6960,1.5,0,0,5,8,1910,0,1941,0,98103,47.6893,-122.348,1360,3300
9544700500,20140508,7.85e+5,3,2.75,3010,1842,2,0,0,3,9,3010,0,2011,0,98075,47.5836,-121.994,2950,4200
1931300977,20140508,5.00e+5,3,1.75,1410,1197,3,0,0,3,8,1410,0,2012,0,98103,47.6558,-122.348,1350,2512
8946390040,20140508,3.75e+5,6,2.25,3206,5793,2,0,0,3,7,3206,0,2012,0,98032,47.369,-122.287,2527,5804
1498301048,20140508,3.22e+5,2,1.25,860,1277,2,0,0,3,7,860,0,2007,0,98144,47.5842,-122.314,1280,1265
3362401763,20140508,4.42e+5,2,1.5,1020,1060,3,0,0,3,8,1020,0,2008,0,98103,47.6801,-122.348,1340,1415
9429500045,20140509,4.29e+5,3,1,1620,30736,1.5,0,0,4,7,1620,0,1911,1977,98006,47.5719,-122.119,2440,28826
1081300200,20140509,3.52e+5,3,2.25,1640,11050,1,0,0,4,8,1640,0,1972,0,98059,47.4723,-122.121,1870,11050
2296500136,20140509,8.40e+5,4,3.5,3810,13592,1,0,1,3,9,2560,1250,2013,0,98056,47.5134,-122.2,3230,9311
7137900320,20140509,2.25e+5,4,1,1430,8355,1.5,0,0,4,7,1430,0,1983,0,98092,47.3178,-122.174,1550,7938
7504010560,20140509,9.20e+5,4,3,3750,11025,2,0,0,3,10,3750,0,1976,0,98074,47.6367,-122.059,2930,12835
7298020240,20140509,4.03e+5,4,2.5,2600,11951,2,0,0,3,10,2600,0,1988,0,98023,47.3053,-122.34,2820,12093
7745000090,20140509,5.65e+5,4,2.25,2470,7447,2,0,0,3,8,2470,0,1984,0,98155,47.7514,-122.286,2270,7400
5393601050,20140509,4.45e+5,4,2,1650,6000,1,0,0,5,7,1000,650,1959,0,98144,47.5834,-122.307,1540,6000
9368700031,20140509,1.95e+5,2,1,720,18000,1,0,0,3,6,720,0,1950,0,98178,47.5054,-122.261,1250,7925
291300170,20140509,3.87e+5,3,2.25,1445,1606,2,0,0,3,7,1300,145,2003,0,98027,47.5348,-122.072,1410,1286
2769602475,20140509,4.90e+5,2,1,1840,3300,1.5,0,0,4,6,1130,710,1910,0,98107,47.6757,-122.362,1320,4000
2121000250,20140509,3.04e+5,3,1.5,1060,10464,1,0,0,4,7,1060,0,1973,0,98034,47.7313,-122.229,1420,10464
4427100025,20140509,2.70e+5,3,1.5,1500,6337,1,0,0,5,7,1500,0,1953,0,98125,47.7276,-122.312,1420,6337
3905040220,20140509,5.25e+5,3,2.5,2030,6970,2,0,0,4,8,2030,0,1991,0,98029,47.5718,-121.999,2000,6140
9510900360,20140509,2.60e+5,3,2,1920,8075,1,0,0,4,7,1510,410,1969,0,98023,47.3092,-122.375,1920,7826
8856004327,20140509,2.48e+5,4,3,2163,5883,2,0,0,3,7,2163,0,2006,0,98001,47.2734,-122.251,1700,10143
2617300200,20140509,5.32e+5,5,3,3480,57499,1,0,0,4,8,2340,1140,1976,0,98027,47.4574,-122.024,2020,40946
7922800160,20140509,5.12e+5,3,2,1400,7293,1,0,0,4,7,1400,0,1963,0,98008,47.586,-122.12,1600,7960
7202260330,20140509,5.83e+5,4,2.5,2660,4000,2,0,0,3,8,2660,0,2001,0,98053,47.6876,-122.038,2330,4517
8558600085,20140509,3.11e+5,4,2.25,2130,8078,1,0,0,4,7,1380,750,1977,0,98055,47.4482,-122.209,2300,8112
2026049124,20140509,3.25e+5,3,2.25,1352,1694,3,0,0,3,8,1352,0,2007,0,98125,47.7265,-122.315,1439,1387
524069115,20140509,7.59e+5,3,2.25,2950,78843,1.5,0,0,3,9,2950,0,2006,0,98075,47.5917,-122.068,3880,78843
8562900180,20140509,4.91e+5,3,1.75,1750,11340,1,0,1,4,7,1300,450,1987,0,98074,47.6099,-122.058,2310,11340
3223059141,20140509,3.60e+5,2,1,1420,81892,1,0,0,3,7,1180,240,1956,0,98055,47.4342,-122.195,1490,1863
9558010230,20140509,3.30e+5,4,2.5,1940,3784,2,0,0,3,8,1940,0,2003,0,98058,47.4513,-122.119,1940,4499
1232000915,20140509,4.81e+5,3,2,1410,4800,1,0,0,3,7,1410,0,1940,0,98117,47.6852,-122.378,1190,3840
8039900086,20140509,2.51e+5,3,1.75,1220,7250,1,0,0,3,7,1220,0,1962,0,98045,47.4887,-121.784,1700,15251
8691310840,20140509,8.33e+5,4,2.75,3780,10308,2,0,0,3,10,3780,0,1999,0,98075,47.589,-121.983,3500,10740
8838900167,20140509,5.43e+5,4,2.5,2330,14289,2,0,0,4,8,2330,0,1978,0,98007,47.5916,-122.148,2210,12823
3528000470,20140509,8.51e+5,3,2.5,3560,107290,2,0,0,3,10,3560,0,1987,0,98053,47.6652,-122.049,3660,89298
6413600290,20140509,2.53e+5,3,1,1030,6127,1,0,0,3,7,880,150,1947,0,98125,47.7192,-122.32,1610,6127
2215900930,20140509,2.25e+5,3,2.5,2000,9202,2,0,0,4,7,2000,0,1992,0,98038,47.3516,-122.057,1750,7827
8106100085,20140509,1.70e+6,5,4.5,5190,23716,2,0,2,3,11,3390,1800,1987,2000,98040,47.5846,-122.223,4460,22748
9265880040,20140509,5.57e+5,4,2.5,2840,4500,2,0,0,3,8,2840,0,2012,0,98028,47.7678,-122.237,2840,4939
1865400076,20140509,3.24e+5,3,2.25,998,904,2,0,0,3,7,798,200,2007,0,98117,47.6983,-122.367,998,1110
5119010090,20140510,5.50e+5,5,2.75,3060,7015,1,0,0,5,8,1600,1460,1979,0,98146,47.5052,-122.372,2190,7600
2331300395,20140510,8.75e+5,4,2,2520,6000,1,0,0,3,8,1400,1120,1921,2007,98103,47.6767,-122.35,1580,3720
7625702444,20140510,3.95e+5,3,2.5,1350,1250,3,0,0,3,8,1270,80,2006,0,98136,47.5491,-122.387,1350,886
7237550310,20140512,1.23e+6,4,4.5,5420,101930,1,0,0,3,11,3890,1530,2001,0,98053,47.6561,-122.005,4760,101930
9822700295,20140512,8.85e+5,4,2.5,2830,5000,2,0,0,3,9,2830,0,1995,0,98105,47.6597,-122.29,1950,5000
8929000270,20140512,4.53e+5,3,2.5,2010,2287,2,0,0,3,8,1390,620,2014,0,98029,47.5517,-121.998,1690,1662
1653500070,20140512,9.27e+5,4,2.75,3300,12090,2,0,0,3,8,3300,0,1953,0,98004,47.6294,-122.218,3180,12239
6669100070,20140512,9.00e+5,4,3.25,4700,38412,2,0,0,3,10,3420,1280,1978,0,98005,47.6445,-122.167,3640,35571
6448000090,20140512,1.58e+6,5,2.75,3650,20150,1,0,0,4,10,2360,1290,1975,0,98004,47.6215,-122.224,3220,19800
9478400080,20140512,7.50e+5,4,2.5,2980,4930,2,0,0,3,9,2890,90,2000,0,98006,47.5445,-122.12,2980,6099
4441300440,20140512,5.82e+5,4,1.75,2120,4650,1,0,1,3,7,1190,930,1951,0,98117,47.6964,-122.4,2070,6487
3856900507,20140512,1.32e+6,4,3.5,3460,3997,2,0,0,3,10,2560,900,2004,0,98103,47.6718,-122.329,1860,4000
3348401319,20140512,3.73e+5,5,3,2480,10090,1,0,0,3,7,1300,1180,2004,0,98178,47.4964,-122.263,2290,9900
2113700235,20140512,3.60e+5,4,2,1730,5500,1,0,0,5,7,1010,720,1943,0,98106,47.5304,-122.353,1080,4900
1024039049,20140512,1.02e+6,3,2.5,2920,34527,1,0,4,4,9,1800,1120,1954,1983,98116,47.5799,-122.4,2480,7933
1423800080,20140512,2.25e+5,3,1,990,8012,1,0,0,4,7,990,0,1966,0,98058,47.4557,-122.181,1260,9060
8961970190,20140512,6.47e+5,4,2.5,3040,6887,2,0,0,3,8,3040,0,1999,0,98074,47.6073,-122.015,2790,7196
304000530,20140512,1.85e+5,3,1.5,1370,8470,1,0,0,4,7,1370,0,1961,0,98092,47.2874,-122.192,1710,8800
9558020610,20140512,3.35e+5,3,2.5,1940,4927,2,0,0,3,8,1940,0,2004,0,98058,47.4479,-122.12,2070,4892
1186000035,20140512,7.70e+5,3,1.75,1720,5000,1,0,0,3,9,1720,0,1954,2014,98122,47.6157,-122.29,2120,4188
5101400862,20140512,5.00e+5,3,1,980,6380,1,0,0,3,7,760,220,1941,0,98115,47.692,-122.308,1390,6380
3578600062,20140512,2.70e+5,3,1,1830,8209,1,0,0,3,7,1830,0,1942,0,98028,47.7439,-122.228,2150,12000
6752601110,20140512,3.57e+5,4,2.5,2380,7066,2,0,0,4,7,2380,0,1997,0,98031,47.3982,-122.172,2310,8127
2767603612,20140512,5.00e+5,2,2.25,1290,1334,3,0,0,3,8,1290,0,2007,0,98107,47.6719,-122.382,1350,1334
6600400260,20140512,2.01e+5,3,1,1460,9750,1,0,0,4,7,1460,0,1969,0,98042,47.3242,-122.144,1270,9750
7203101610,20140512,2.65e+5,2,1,1290,2828,2,0,0,3,7,1290,0,2008,0,98053,47.6968,-122.025,1290,2628
4083300070,20140512,8.70e+5,4,2.5,2350,3150,1.5,0,0,4,8,1690,660,1910,0,98103,47.6605,-122.335,1750,3150
1562000120,20140512,6.60e+5,4,2.5,2550,10000,1,0,0,3,8,1290,1260,1964,0,98007,47.6208,-122.141,2270,8640
4375700065,20140512,3.15e+5,3,1.75,1440,8040,1,0,0,3,7,960,480,1951,0,98125,47.7128,-122.306,1500,8040
7631200085,20140512,9.48e+5,3,2.75,2980,27144,1.5,1,2,5,8,2180,800,1917,0,98166,47.4522,-122.378,1890,12514
3674400035,20140512,1.56e+5,3,1,970,8580,1,0,0,3,7,970,0,1959,0,98003,47.3363,-122.311,1430,11907
5317100780,20140512,1.30e+6,4,3.25,2330,9687,2,0,3,3,9,2330,0,1918,0,98112,47.6264,-122.283,3880,9017
4122900190,20140512,1.35e+6,5,1.75,3380,20021,1,0,0,4,8,1690,1690,1963,0,98004,47.6395,-122.211,3260,19809
5151200290,20140512,3.00e+5,2,1.75,1360,8100,1,0,0,3,7,860,500,1975,0,98177,47.7295,-122.359,1830,6766
8651720020,20140512,5.05e+5,4,2.5,2780,6369,1,0,0,3,8,1590,1190,1978,0,98034,47.7284,-122.216,2170,7490
5111400086,20140512,1.10e+5,3,1,1250,53143,1,0,0,5,6,1250,0,1945,0,98038,47.4235,-122.051,1820,217800
2968801240,20140512,2.11e+5,3,1.5,1350,7620,1,0,0,5,6,1350,0,1941,0,98166,47.4565,-122.35,1350,7620
1982201485,20140512,6.75e+5,4,3,2400,3340,1,0,0,4,7,1200,1200,1964,0,98107,47.6646,-122.365,1520,3758
999000215,20140512,7.34e+5,4,2.5,2760,5000,1.5,0,0,5,7,1680,1080,1928,0,98107,47.6726,-122.371,1850,5000
594000115,20140512,6.15e+5,2,1.75,2040,28593,1.5,1,3,4,7,2040,0,1919,1990,98070,47.3979,-122.465,2040,35124
2213000030,20140512,1.26e+6,4,3.75,3490,9170,2,0,0,3,9,3490,0,2012,0,98004,47.5991,-122.2,1810,8470
2349300069,20140512,3.02e+5,2,1.5,830,1333,2,0,0,3,7,830,0,2005,0,98136,47.5506,-122.381,1120,4822
7853280350,20140512,8.09e+5,5,4.5,4630,6324,2,0,0,3,9,3210,1420,2006,0,98065,47.5382,-121.86,4420,6790
9272201704,20140512,3.69e+5,2,2.5,980,895,2,0,0,3,8,670,310,2009,0,98116,47.5874,-122.386,980,899
2883200524,20140512,6.35e+5,3,2.5,1570,1433,3,0,0,3,8,1570,0,2010,0,98103,47.6858,-122.336,1570,2652
8091670030,20140512,3.83e+5,4,2.5,2160,6223,2,0,0,3,8,2160,0,2010,0,98038,47.3494,-122.042,2160,5555
9126100550,20140513,6.25e+5,3,3.5,1810,1846,2,0,0,4,8,1440,370,2009,0,98122,47.607,-122.305,1480,3600
8078460550,20140513,6.51e+5,4,2.5,2740,7140,2,0,0,3,8,2740,0,1993,0,98074,47.6334,-122.021,2260,7035
8682291730,20140513,5.30e+5,2,2,1680,4950,1,0,0,3,8,1680,0,2006,0,98053,47.7194,-122.022,1570,4800
2222900082,20140513,4.50e+5,3,2,1770,6610,1,0,0,4,7,960,810,1954,0,98133,47.7703,-122.343,2010,4361
225039175,20140513,5.25e+5,5,3,2450,4591,2,0,0,3,7,2450,0,1994,0,98117,47.6828,-122.388,1060,5500
4389201250,20140513,2.45e+6,5,4,4430,9000,2,0,0,3,10,4430,0,2013,0,98004,47.6168,-122.216,2470,9490
2260800110,20140513,7.77e+5,3,3.25,3610,59677,2,0,0,3,10,2440,1170,2003,0,98027,47.5464,-122.088,3130,65775
514500090,20140513,5.50e+5,4,2,2250,7500,1,0,0,5,7,1200,1050,1956,0,98005,47.5877,-122.157,1440,7500
4036800805,20140513,5.23e+5,3,1.5,1240,7735,1,0,0,4,7,1240,0,1957,0,98008,47.601,-122.122,1260,7500
9809000020,20140513,1.90e+6,5,2.25,3120,16672,2,0,0,4,9,3120,0,1969,0,98004,47.6458,-122.219,3740,17853
2130410050,20140513,2.87e+5,3,2.25,1490,9600,1,0,0,4,7,1170,320,1987,0,98019,47.7378,-121.977,1590,10104
9828200545,20140513,5.91e+5,3,1.75,1680,2400,1,0,0,5,7,870,810,1922,0,98122,47.6155,-122.3,1440,3600
9558050170,20140513,4.75e+5,4,2.5,3740,8700,1,0,0,3,10,2260,1480,2004,0,98058,47.4587,-122.117,2650,6333
9829200855,20140513,7.71e+5,3,2.25,1780,6120,1.5,0,0,4,9,1390,390,1927,0,98122,47.6025,-122.286,1960,5568
1443500385,20140513,1.55e+5,2,1,910,6232,1,0,0,3,6,910,0,1943,0,98118,47.5328,-122.272,1070,6232
8563070030,20140513,6.45e+5,3,2.5,1740,13750,2,0,0,4,9,1740,0,1975,0,98008,47.6264,-122.092,2540,14300
6683000295,20140513,3.50e+5,3,2.5,2010,14298,2,0,0,3,7,2010,0,1977,0,98070,47.5069,-122.472,2010,14298
3423049269,20140513,2.25e+5,4,1.5,1950,12559,1.5,0,0,3,6,1950,0,1939,0,98188,47.4364,-122.282,1950,9178
3205400240,20140513,3.45e+5,3,1.75,1090,7200,1,0,0,3,7,1090,0,1968,0,98034,47.7227,-122.179,1240,7200
6150200435,20140513,2.30e+5,2,0.75,650,5360,1,0,0,4,5,650,0,1931,0,98133,47.7281,-122.335,1110,6700
1049010620,20140513,9.00e+4,2,1,790,2640,1,0,0,3,7,790,0,1973,0,98034,47.7351,-122.178,1310,2064
5451100220,20140513,7.80e+5,3,1.75,2340,10495,1,0,0,4,8,2340,0,1967,0,98040,47.5386,-122.226,3120,11068
809001060,20140513,1.11e+6,4,1.5,2740,4000,2,0,0,5,9,1930,810,1905,0,98109,47.6343,-122.352,1680,4000
2619600010,20140513,6.35e+5,4,1.75,1950,13320,1,0,0,4,8,1370,580,1969,0,98007,47.6196,-122.139,2120,12051
259601100,20140513,5.80e+5,5,2,2290,7125,1,0,0,3,7,1190,1100,1964,0,98008,47.634,-122.119,1460,7920
2574900080,20140513,1.55e+6,5,3.25,3370,17458,1,0,2,5,10,2000,1370,1982,0,98040,47.5591,-122.229,4240,15202
9523102660,20140513,5.60e+5,3,1,1440,5000,2,0,0,3,7,1440,0,1910,0,98103,47.6741,-122.354,1850,4500
1771000760,20140513,3.19e+5,3,1,1390,12823,1,0,0,4,7,1390,0,1968,0,98077,47.7438,-122.075,1390,10095
2426069085,20140513,3.23e+5,3,2,1350,14200,1,0,0,3,7,1350,0,1989,0,98019,47.7315,-121.972,2100,15101
9578060660,20140513,5.02e+5,4,2.5,2040,5616,2,0,0,3,8,2040,0,2012,0,98028,47.7737,-122.238,2380,4737
9828702389,20140513,5.25e+5,3,2.5,1580,1161,2,0,0,3,8,1010,570,2008,0,98112,47.6206,-122.299,1680,1177
1023059465,20140513,5.05e+5,4,2.5,2790,5602,2,0,0,3,8,2790,0,2009,0,98059,47.4959,-122.15,2790,5309
3438501862,20140513,3.30e+5,3,2.5,1450,5008,1,0,0,3,7,840,610,2007,0,98106,47.5435,-122.357,2120,5019
2205500400,20140514,5.42e+5,4,1.75,1900,8250,1,0,0,4,7,950,950,1955,0,98006,47.5765,-122.147,1480,8360
225039082,20140514,6.20e+5,5,2.5,2540,3832,2,0,0,5,8,1760,780,1929,0,98117,47.6848,-122.398,2000,5289
5152960710,20140514,7.40e+5,5,5,5774,31675,1,0,2,3,11,4490,1284,1984,0,98003,47.3466,-122.323,3260,13200
418000310,20140514,1.55e+5,2,1,700,5200,1,0,0,5,6,700,0,1952,0,98056,47.4924,-122.175,1030,5200
7697870310,20140514,2.66e+5,3,2.5,1780,7214,1,0,0,4,7,1400,380,1986,0,98030,47.3667,-122.182,1520,7228
2149800148,20140514,2.57e+5,3,2,1850,8250,1,0,0,4,7,1150,700,1952,0,98002,47.3066,-122.209,1580,7153
4235401055,20140514,5.83e+5,2,1.5,1159,4800,1,0,0,3,7,1159,0,1948,0,98199,47.6592,-122.399,1640,4800
395300100,20140514,4.89e+5,3,2.75,1850,9600,1.5,0,0,5,7,1850,0,1965,0,98034,47.7259,-122.226,1250,10500
1250203070,20140514,1.40e+6,3,2.5,2550,7200,2,0,2,3,10,2550,0,1981,2013,98144,47.5996,-122.288,2030,3500
8021700715,20140514,7.03e+5,3,1.5,2360,6750,2,0,0,5,7,1930,430,1926,0,98103,47.6923,-122.332,1320,4500
5525400420,20140514,5.65e+5,4,2.5,2240,14667,2,0,0,4,9,2240,0,1989,0,98059,47.5276,-122.161,2410,11243
3645500050,20140514,5.43e+5,3,2.5,2090,7640,1,0,0,3,7,1360,730,1962,2014,98133,47.7369,-122.338,2090,7668
7977201845,20140514,5.25e+5,3,1.75,1600,6120,1.5,0,0,3,7,1600,0,1924,0,98115,47.6847,-122.291,1670,4590
3300700470,20140514,3.94e+5,2,1,830,4000,1,0,0,3,6,830,0,1955,0,98117,47.6929,-122.379,950,4000
3881900321,20140514,3.40e+5,3,1,1050,5402,1.5,0,0,4,7,1050,0,1906,0,98144,47.5867,-122.311,1510,4685
2005600090,20140514,1.60e+5,3,1,860,11900,1,0,0,4,6,860,0,1963,0,98030,47.3574,-122.186,1660,10248
4036800910,20140514,5.62e+5,3,1.5,1830,8000,1,0,0,4,7,1830,0,1957,0,98008,47.6017,-122.122,1310,7500
2921049079,20140514,2.99e+5,2,1.75,1250,34395,1,0,0,4,7,1250,0,1950,0,98003,47.2802,-122.316,1910,26042
3222079083,20140514,4.99e+5,3,2,2090,42689,1.5,0,0,3,7,2090,0,1959,1998,98010,47.3497,-121.944,1890,18276
1157200189,20140514,3.56e+5,3,3.5,2100,12384,2,0,0,3,9,2100,0,1980,0,98188,47.4687,-122.263,2400,7776
1313300340,20140514,4.70e+5,4,2.5,2310,14023,2,0,0,3,9,2310,0,1991,0,98019,47.7351,-121.964,2410,14007
2481620310,20140514,1.12e+6,4,2.25,4470,60373,2,0,0,3,11,4470,0,1988,0,98072,47.7289,-122.127,3210,40450
8901001170,20140514,4.58e+5,3,1,1660,7500,1,0,0,4,7,1060,600,1940,0,98125,47.7105,-122.306,1450,7500
408100150,20140514,2.68e+5,2,1,700,6000,1,0,0,4,6,700,0,1949,0,98155,47.7515,-122.316,920,6000
1683500180,20140514,2.34e+5,4,2,1630,9010,1,0,0,4,7,1050,580,1975,0,98092,47.317,-122.196,1670,7820
2621730220,20140514,7.40e+5,4,2.5,3430,10157,2,0,0,3,10,3430,0,2000,0,98034,47.723,-122.158,3480,10157
3224900130,20140514,2.23e+5,3,1.75,1340,7473,1,0,0,4,7,1340,0,1973,0,98002,47.3087,-122.206,1510,8240
2880100675,20140514,4.00e+5,2,1,980,2130,1,0,0,4,6,860,120,1918,0,98117,47.6769,-122.366,980,2800
6147650170,20140514,2.53e+5,4,2.5,2230,4541,2,0,0,3,7,2230,0,2006,0,98042,47.3848,-122.1,2800,4860
629410130,20140514,7.07e+5,4,3.25,3200,7081,2,0,0,3,9,3200,0,2004,0,98075,47.5886,-121.989,3120,6094
4139450360,20140514,9.50e+5,4,2.5,3320,7644,2,0,0,3,10,3320,0,1995,0,98006,47.5541,-122.106,3320,9472
1137800230,20140514,4.50e+5,3,2.5,2910,17172,2,0,0,3,10,2910,0,1989,0,98003,47.2789,-122.331,2910,20048
5451210150,20140514,9.55e+5,5,2.25,2510,9887,2,0,0,3,8,2510,0,1972,0,98040,47.5339,-122.223,2510,10006
7340600068,20140514,2.15e+5,2,1,1240,7200,1,0,0,3,7,1240,0,1967,0,98168,47.4971,-122.282,1130,9200
1023059246,20140514,4.37e+5,3,2.75,2580,5200,2,0,0,3,8,2580,0,2008,0,98059,47.496,-122.151,2700,5602
3630200430,20140514,7.73e+5,3,2.75,2470,3600,2,0,0,3,9,2470,0,2007,0,98029,47.5406,-121.994,2570,3600
2460700700,20140515,2.52e+5,3,2,1650,7352,1,0,0,3,7,1160,490,1979,0,98058,47.4612,-122.169,1710,7350
7300400060,20140515,3.70e+5,4,2.5,2710,5880,2,0,0,3,9,2710,0,1998,0,98092,47.3314,-122.172,2520,6000
8651520510,20140515,5.83e+5,4,2.75,2550,7636,1,0,0,3,8,1440,1110,1986,0,98074,47.6471,-122.06,2290,8223
3450300240,20140515,3.02e+5,4,1.75,2020,7865,1,0,0,4,7,1010,1010,1963,0,98059,47.5008,-122.162,1650,7865
6623400217,20140515,2.50e+5,3,1,1230,10350,1,0,0,4,7,1230,0,1957,0,98055,47.428,-122.199,1510,10427
251300260,20140515,2.55e+5,4,2.5,2070,7800,2,0,0,3,8,2070,0,1989,0,98003,47.3487,-122.315,1950,7815
9315100030,20140515,1.90e+5,3,1,1090,8520,1,0,0,3,7,1090,0,1967,0,98003,47.3364,-122.307,1190,8520
9136101335,20140515,6.13e+5,4,2,1550,4815,1.5,0,0,3,7,1550,0,1909,0,98103,47.667,-122.336,1680,4013
6713700025,20140515,3.00e+5,3,1,1220,13000,1,0,0,4,7,1220,0,1955,0,98133,47.7608,-122.353,1510,12600
8108600464,20140515,3.35e+5,3,2.25,2150,30476,2,0,0,3,7,2150,0,1991,0,98188,47.4605,-122.277,2010,10800
3330500705,20140515,1.98e+5,3,1,980,3090,1.5,0,0,3,6,980,0,1903,0,98118,47.5525,-122.277,980,3090
8087800020,20140515,4.13e+5,3,1.5,1490,8475,1,0,0,4,7,1490,0,1963,0,98052,47.6571,-122.133,1490,8540
4188000670,20140515,7.49e+5,4,2.5,3240,20301,2,0,0,3,10,3240,0,1985,0,98052,47.719,-122.114,3010,23650
5591700290,20140515,3.17e+5,4,2.5,2150,6807,2,0,0,4,8,2150,0,1991,0,98031,47.4053,-122.189,1910,7240
1025049174,20140515,1.26e+6,4,2.5,3200,7535,2,0,0,3,9,3200,0,2006,0,98105,47.666,-122.276,1650,6850
6641040100,20140515,1.15e+6,4,3.5,4210,10308,2,0,0,3,10,4210,0,2006,0,98008,47.5905,-122.117,3860,10200
9522100485,20140515,5.85e+5,5,1.75,2000,3750,2,0,0,4,7,2000,0,1921,0,98103,47.6618,-122.355,1520,3750
8099900490,20140515,4.20e+5,3,2,1640,9972,1,0,0,4,7,1640,0,1977,0,98075,47.5812,-122.002,1680,10165
8562740400,20140515,6.90e+5,4,3.25,2740,7266,2,0,0,3,9,2060,680,2003,0,98027,47.5346,-122.066,3030,6546
2783100160,20140515,3.75e+5,4,1.75,1890,8000,1,0,0,4,7,1250,640,1960,0,98133,47.7576,-122.333,1870,8270
6411600370,20140515,4.75e+5,7,3.5,2870,29699,1,0,0,3,7,1520,1350,1961,0,98125,47.7153,-122.327,1380,7555
1370803510,20140515,7.90e+5,3,1.75,1790,6117,1,0,2,3,8,1350,440,1940,0,98199,47.6366,-122.401,1960,5554
1558100398,20140515,3.50e+5,3,1.75,1680,250470,1,0,0,4,7,1070,610,1940,0,98019,47.7624,-121.93,1680,360000
7510700030,20140515,6.95e+5,3,2.5,4560,17622,2,0,0,4,9,3800,760,1986,0,98074,47.621,-122.03,2360,15000
103400160,20140515,2.63e+5,3,2.25,1590,7748,2,0,0,4,7,1590,0,1991,0,98003,47.2857,-122.3,1590,7606
9465910030,20140515,5.25e+5,3,2.5,2700,7434,2,0,0,3,9,2700,0,1991,0,98072,47.7434,-122.174,2660,8405
624110610,20140515,1.09e+6,4,3.25,3740,12080,1,0,0,3,10,2000,1740,1988,0,98077,47.7214,-122.056,4210,15277
2807100155,20140515,2.40e+5,3,2,1400,6200,1,0,0,3,6,700,700,1948,0,98133,47.7634,-122.34,1410,7564
3080000040,20140515,4.95e+5,4,2,2050,4000,1.5,0,0,5,7,1210,840,1941,0,98144,47.5799,-122.306,1310,4000
3543900418,20140515,5.80e+5,3,2.5,2360,4638,2,0,3,3,9,2360,0,1996,0,98115,47.6837,-122.321,1620,4638
8651441750,20140515,1.75e+5,3,1,1060,5200,1,0,0,5,6,1060,0,1970,0,98042,47.3636,-122.093,1380,5200
7985400089,20140515,2.75e+5,4,2.5,1840,1562,2,0,0,3,7,1400,440,2004,0,98106,47.5345,-122.364,1840,1766
7424110130,20140515,4.23e+5,4,1.75,1880,7303,1,0,0,3,7,1010,870,1976,0,98034,47.7129,-122.203,1710,7200
8731000010,20140515,3.43e+5,4,1.75,2290,10290,1,0,0,3,7,1340,950,1960,0,98146,47.5045,-122.369,1800,7605
2824069373,20140515,7.65e+5,5,3.75,3580,14275,2,0,0,3,10,3190,390,1999,0,98027,47.5322,-122.056,2740,14300
5249802240,20140515,4.97e+5,4,2.5,2240,7200,2,0,0,3,8,2240,0,1995,0,98118,47.5636,-122.275,1860,6600
9510860840,20140515,8.03e+5,4,2.5,3310,5404,2,0,0,3,9,3310,0,2004,0,98052,47.6635,-122.083,2600,4730
2325300060,20140515,3.44e+5,3,2.5,1232,1130,3,0,0,3,7,1232,0,2007,0,98125,47.7185,-122.317,1232,1202
7203140270,20140515,3.86e+5,3,2.5,1720,3600,2,0,0,3,7,1720,0,2010,0,98053,47.6856,-122.013,1720,3600
4216500110,20140515,8.20e+5,5,2.75,3030,10335,2,0,0,3,9,3030,0,2013,0,98056,47.5305,-122.184,2720,11213
7338200240,20140516,4.38e+5,3,2.5,2320,36847,2,0,2,3,9,2320,0,1992,0,98045,47.4838,-121.714,2550,35065
7853240200,20140516,6.19e+5,3,2.5,2720,6439,2,0,0,3,9,2720,0,2005,0,98065,47.5422,-121.86,3180,7320
2608300030,20140516,4.08e+5,3,2.5,1800,5761,2,0,0,4,7,1800,0,1990,0,98106,47.5293,-122.363,1800,5952
9297301580,20140516,4.51e+5,3,1.75,1560,4049,1.5,0,2,3,7,1000,560,1926,0,98126,47.5666,-122.375,1430,3738
290000055,20140516,7.20e+5,2,1,2020,7200,1,0,3,4,7,1700,320,1947,0,98146,47.506,-122.384,2020,7200
9264901040,20140516,2.40e+5,4,2.25,1860,7000,1,0,0,3,8,1120,740,1979,0,98023,47.3127,-122.339,1990,8937
1471620240,20140516,2.75e+5,3,2.5,1480,15639,2,0,0,3,8,1480,0,1987,0,98045,47.4723,-121.746,1480,16454
104530490,20140516,2.48e+5,4,3.5,1850,6519,2,0,0,3,7,1130,720,1986,0,98023,47.3087,-122.354,1280,6664
3629920600,20140516,6.20e+5,3,2.5,2170,5000,2,0,0,3,9,2170,0,2003,0,98029,47.5458,-121.996,2170,5000
3522029031,20140516,3.64e+5,3,1.75,1726,197326,2,0,0,4,7,1726,0,1982,0,98070,47.3484,-122.505,2114,99316
5467910020,20140516,4.25e+5,3,2.5,2670,13218,1,0,0,4,10,2670,0,1988,0,98042,47.3683,-122.153,1960,13130
6381500635,20140516,3.42e+5,3,1,1260,6826,1,0,0,3,6,720,540,1944,0,98125,47.731,-122.303,1300,6826
4299700095,20140516,2.54e+5,4,2,1510,4235,1,0,0,3,7,1510,0,1955,0,98108,47.546,-122.293,1510,4268
1545801970,20140516,2.50e+5,3,2,1900,6660,1,0,0,5,7,950,950,1966,0,98038,47.3594,-122.054,1690,8111
269000615,20140516,8.75e+5,3,2,2220,6641,1,0,2,4,7,1220,1000,1947,0,98199,47.6426,-122.388,1800,5900
7701990300,20140516,8.63e+5,4,2.75,3280,24440,2,0,0,3,10,3280,0,1996,0,98077,47.7073,-122.07,3490,25138
2622049052,20140516,4.00e+5,3,2.5,2740,83199,2,0,4,3,9,2740,0,1973,0,98032,47.3581,-122.266,2500,29269
2946003415,20140516,1.75e+5,2,1,1010,5200,1,0,0,3,7,1010,0,1955,0,98198,47.4166,-122.323,1580,7500
2921049121,20140516,3.07e+5,3,2.25,2060,38377,1,0,0,4,8,1560,500,1978,0,98003,47.2752,-122.319,2080,60513
2436700800,20140516,6.20e+5,3,2.25,1720,4000,1.5,0,0,4,7,1450,270,1921,0,98105,47.6683,-122.286,1410,4000
7972603385,20140516,2.45e+5,2,1,870,6150,1,0,0,3,6,870,0,1941,0,98106,47.5256,-122.347,1120,6150
3277801646,20140516,2.38e+5,3,2,1020,1204,2,0,0,3,7,720,300,2004,0,98126,47.5445,-122.376,1360,1506
5708500270,20140516,5.23e+5,3,1.5,1260,3135,1.5,0,0,3,8,1260,0,1931,0,98116,47.5755,-122.388,1700,4180
623049094,20140516,1.80e+5,3,1,1000,18513,1,0,0,3,6,1000,0,1940,0,98146,47.5118,-122.348,1280,8113
8728100781,20140516,3.75e+5,3,1.5,1100,1751,2,0,0,3,8,940,160,2007,0,98144,47.5927,-122.306,1380,1751
3352400905,20140516,2.45e+5,4,1,1530,7200,1.5,0,0,3,7,1400,130,1948,0,98178,47.5015,-122.262,1530,7200
5710610790,20140516,7.30e+5,4,2.5,3120,14300,2,0,0,3,9,3120,0,2003,0,98027,47.5318,-122.055,2580,10005
2822049254,20140516,3.75e+5,4,2.5,2790,7956,2,0,0,3,9,2790,0,2005,0,98198,47.3681,-122.31,1660,8192
3626039268,20140516,5.40e+5,1,1,1140,6700,1.5,0,0,3,7,1140,0,1920,0,98103,47.6958,-122.357,1350,6700
5016001325,20140516,6.05e+5,3,2.25,1290,2500,2,0,0,4,8,1290,0,1987,0,98112,47.6229,-122.298,1700,3750
7504110780,20140516,6.45e+5,4,2.5,3160,11380,2,0,0,3,9,3160,0,1983,0,98074,47.6318,-122.039,2970,10385
4039400430,20140516,3.30e+5,3,1.5,1170,4950,1,0,0,4,7,1170,0,1960,0,98007,47.6057,-122.135,1570,7700
4131900042,20140516,2.00e+6,5,4.25,6490,10862,2,0,3,4,11,3940,2550,1991,0,98040,47.5728,-122.205,3290,14080
1042700060,20140516,8.05e+5,5,1.5,3360,5402,2,0,0,3,9,3360,0,2014,0,98074,47.6067,-122.053,3360,5415
7853350170,20140516,6.75e+5,5,2.5,3200,6455,2,0,0,3,9,3200,0,2009,0,98065,47.5446,-121.862,3290,7924
1424059154,20140516,1.27e+6,4,3,5520,8313,2,0,3,3,9,3570,1950,2008,0,98006,47.5655,-122.129,3770,8278
7234600832,20140516,5.00e+5,2,2.5,1310,1500,2,0,0,3,8,1160,150,2006,0,98122,47.6112,-122.309,1320,1581
2771101200,20140517,4.10e+5,3,2,1700,4250,1,0,0,3,6,890,810,1944,0,98199,47.6542,-122.385,1440,4250
1402650110,20140518,4.15e+5,3,2.5,2480,8342,2,0,0,3,8,2480,0,1986,0,98058,47.4381,-122.134,2300,8303
7138200150,20140518,2.97e+5,5,2.5,1970,8605,2,0,0,4,7,1970,0,1994,0,98022,47.1944,-122.013,1970,8460
1529200480,20140518,5.35e+5,3,2.5,2130,3500,1,0,0,4,8,1210,920,1994,0,98072,47.736,-122.159,2030,3710
2424400130,20140518,3.53e+5,3,2.25,1410,14110,1,0,2,3,7,1170,240,1987,0,98065,47.5336,-121.76,1560,18336
8604900245,20140518,4.88e+5,2,2,1360,4688,1,0,0,3,7,780,580,1944,0,98115,47.6874,-122.315,1340,4750
1332700270,20140519,2.15e+5,2,2.25,1610,2040,2,0,0,4,7,1610,0,1979,0,98056,47.518,-122.194,1950,2025
5101404898,20140519,5.93e+5,2,2,1420,9191,1.5,0,2,5,7,1420,0,1928,0,98115,47.6979,-122.32,1420,6816
7518503335,20140519,4.75e+5,2,1,1490,3825,1,0,0,3,7,860,630,1929,0,98117,47.6799,-122.381,1460,3825
1321710030,20140519,3.20e+5,3,2.5,2680,7757,2,0,0,3,8,2680,0,1990,0,98023,47.2918,-122.346,2430,8231
1431700370,20140519,2.90e+5,5,1.5,2120,7700,1.5,0,0,5,7,2120,0,1962,0,98058,47.4599,-122.172,1730,7700
9521101221,20140519,4.87e+5,4,2,1690,3250,1.5,0,0,3,7,1550,140,1901,0,98103,47.6637,-122.346,1620,3250
7304300570,20140519,3.67e+5,4,2.75,2070,9300,1,0,0,5,7,1120,950,1945,0,98155,47.7416,-122.32,1010,8308
3438500625,20140519,2.10e+5,3,1,1080,21043,1,0,0,3,6,1080,0,1942,0,98106,47.5515,-122.357,1380,7620
5700003640,20140519,2.10e+6,5,3.75,5340,10655,2.5,0,3,4,10,3740,1600,1912,0,98144,47.5795,-122.285,3910,9418
8025700590,20140519,2.15e+5,3,1,970,7275,1,0,0,4,7,970,0,1970,0,98031,47.4006,-122.188,1750,7200
809002215,20140519,7.62e+5,5,2,3370,5000,1.5,0,0,4,7,2140,1230,1907,0,98109,47.6373,-122.35,1920,3200
3225059223,20140519,1.41e+6,4,3.5,3410,10769,2,0,0,3,10,3410,0,2008,0,98004,47.6081,-122.198,2650,10058
9268200600,20140519,4.14e+5,2,1,770,4000,1,0,0,5,5,770,0,1924,0,98117,47.6959,-122.364,1420,5040
8910500675,20140519,4.61e+5,2,1,1060,7193,1,0,0,3,7,1060,0,1926,0,98133,47.7102,-122.356,1980,7560
1681400010,20140519,8.85e+5,4,2.75,2730,3560,1.5,0,0,3,8,1550,1180,1921,2007,98115,47.6737,-122.304,1860,3560
1310970380,20140519,2.97e+5,3,2.75,2170,7900,1,0,0,4,8,1380,790,1978,0,98032,47.362,-122.277,2170,7700
7227500865,20140519,1.42e+5,2,1,930,4743,1,0,0,4,5,930,0,1942,0,98056,47.4966,-122.187,930,4779
7922710690,20140519,6.02e+5,5,1.75,3290,11900,1.5,0,0,3,8,3290,0,1973,0,98052,47.6626,-122.141,2210,8549
7524950870,20140519,5.65e+5,4,2.25,2110,10698,2,0,0,4,8,2110,0,1979,0,98027,47.5614,-122.082,2220,8252
8029650040,20140519,3.73e+5,3,2.5,1670,3565,2,0,0,3,7,1670,0,1999,0,98072,47.7623,-122.161,1510,3770
7199320600,20140519,5.88e+5,3,2.25,2030,7350,1,0,0,4,7,1190,840,1977,0,98052,47.6939,-122.126,1950,7350
9307300100,20140519,4.85e+5,3,1,1500,4100,1.5,0,0,3,7,1370,130,1926,0,98107,47.6689,-122.367,1500,4100
9828702667,20140519,4.83e+5,3,2.25,1450,1445,2,0,0,3,7,980,470,2005,0,98122,47.6184,-122.301,1510,1370
6123600090,20140519,2.51e+5,4,1.5,1310,8250,1,0,0,3,7,1060,250,1953,0,98148,47.425,-122.332,1260,8255
9238500410,20140519,4.64e+5,3,1.75,1630,28600,1,0,0,3,8,1630,0,1967,0,98072,47.7742,-122.14,2260,26000
2719100240,20140519,8.50e+5,4,3.5,2640,5900,2,0,2,3,8,2640,0,1937,1998,98136,47.5421,-122.383,1700,5900
2473380400,20140519,3.20e+5,4,1.75,2310,8045,1,0,0,4,7,1650,660,1976,0,98058,47.4569,-122.165,1790,8086
8944550140,20140519,4.34e+5,3,2.5,2200,3360,2,0,0,3,8,2200,0,2009,0,98118,47.5418,-122.287,2130,3423
8658303065,20140519,3.07e+5,3,1,1370,7500,1,0,0,3,7,1370,0,1960,0,98014,47.6499,-121.915,1160,7500
6093000065,20140519,4.85e+5,3,1.75,2200,7706,2,0,2,3,7,2200,0,1908,1988,98198,47.3878,-122.326,1170,70973
8663100050,20140519,4.46e+5,5,2.75,2190,12687,1,0,0,5,7,1370,820,1978,0,98028,47.7762,-122.257,2280,10784
1370801800,20140519,9.24e+5,3,1.5,2200,5000,1.5,0,0,3,9,2200,0,1932,0,98199,47.6404,-122.408,2860,5000
7135500120,20140519,5.73e+5,3,2.25,2030,9791,1,0,0,4,8,1500,530,1984,0,98059,47.534,-122.161,2030,11031
1944900090,20140519,4.62e+5,5,1.75,1250,10530,1,0,0,4,7,1250,0,1966,0,98007,47.6101,-122.138,1560,8190
809002290,20140519,1.19e+6,4,3,2240,6000,1.5,0,0,4,8,1270,970,1914,0,98109,47.6369,-122.35,2240,4250
7436300180,20140519,5.30e+5,3,3.5,2320,3174,2,0,0,3,9,2060,260,1997,0,98033,47.6897,-122.175,2320,3187
6626300095,20140519,7.50e+5,4,2.5,3430,64441,2,0,0,3,8,3430,0,2013,0,98077,47.7694,-122.064,3580,64441
6003500743,20140519,6.40e+5,2,2.25,1540,958,3,0,0,3,9,1540,0,2007,0,98122,47.6179,-122.318,1410,958
7683800205,20140519,2.98e+5,5,3,2100,9752,1,0,0,3,8,1200,900,2007,0,98003,47.3341,-122.304,1270,10200
7853420450,20140519,5.75e+5,4,2.5,2500,4945,2,0,0,3,9,2500,0,2013,0,98065,47.5185,-121.885,2760,6000
7702010030,20140520,5.51e+5,3,2.5,2830,5802,2,0,0,3,9,2830,0,2001,0,98028,47.7605,-122.234,2500,5788
6114600030,20140520,6.75e+5,4,3,2690,28300,1,0,0,3,8,2690,0,1954,1999,98166,47.4458,-122.343,2820,27100
1453600202,20140520,5.20e+5,4,3.5,2680,10000,2,0,0,3,8,2040,640,1942,2014,98125,47.726,-122.296,1530,8000
8113600004,20140520,6.00e+5,3,2.5,2660,4975,2,0,0,3,8,2660,0,2014,0,98118,47.5487,-122.272,1840,6653
312000135,20140520,4.84e+5,2,1.75,1480,5120,1,0,0,4,6,840,640,1951,0,98116,47.558,-122.392,1090,5120
1402000070,20140520,3.90e+5,4,2.25,1770,33132,1,0,0,4,8,1190,580,1965,0,98058,47.4413,-122.151,2490,20000
3396200090,20140520,6.39e+5,4,2.5,2150,12028,2,0,0,4,8,2150,0,1982,0,98052,47.7224,-122.101,1800,11777
6788200931,20140520,7.10e+5,2,1,1790,4000,1,0,0,4,7,1040,750,1923,0,98112,47.6405,-122.301,1310,4000
4219401080,20140520,1.74e+6,4,3.75,3300,4545,1.5,0,4,3,10,2600,700,1926,1999,98105,47.6561,-122.274,3300,5000
2767704345,20140520,4.67e+5,3,2.25,1270,1213,2,0,0,3,8,1040,230,2005,0,98107,47.6736,-122.375,1410,1265
3274800460,20140520,3.87e+5,2,2.25,1230,1280,2,0,0,3,8,960,270,2012,0,98144,47.5942,-122.298,1130,1357
5127100190,20140520,2.90e+5,3,1.75,1280,10716,1,0,0,4,7,1280,0,1969,0,98059,47.4755,-122.145,1440,9870
1021049022,20140520,4.15e+5,2,1,1050,60113,1,0,0,4,7,1050,0,1943,0,98001,47.3226,-122.287,1380,27442
8563020380,20140520,5.20e+5,4,2,1820,9350,1,0,0,4,8,1820,0,1967,0,98052,47.6288,-122.098,2260,9299
9274203390,20140520,5.70e+5,2,1.75,1540,4025,1,0,0,4,7,1190,350,1908,0,98116,47.5876,-122.391,1950,4420
926069132,20140520,4.50e+5,3,1.5,2060,44866,1,0,0,3,8,2060,0,1953,0,98077,47.7503,-122.051,2320,43995
1237500120,20140520,3.00e+5,3,1,1090,9900,1,0,0,4,7,1090,0,1955,0,98052,47.6755,-122.16,1720,10419
192000120,20140520,3.20e+5,3,1.75,1480,7225,1,0,0,4,7,1480,0,1965,0,98056,47.513,-122.185,1430,7201
4139420590,20140520,1.21e+6,4,3.5,4560,16643,1,0,3,3,12,2230,2330,1995,0,98006,47.5521,-122.115,4060,15177
5104511590,20140520,3.80e+5,4,3,2800,9764,2,0,0,3,8,2800,0,2002,0,98038,47.3543,-122.012,3610,8194
421000555,20140520,2.00e+5,3,1,1050,5000,1,0,0,4,6,1050,0,1967,0,98056,47.4923,-122.165,1050,5200
8122600195,20140520,3.97e+5,2,1,1730,6375,2,0,0,4,6,1730,0,1945,0,98126,47.5357,-122.368,1180,6250
917000300,20140520,4.52e+5,4,1,1210,3760,1.5,0,0,3,6,1210,0,1900,0,98103,47.6872,-122.344,1540,3800
2818100060,20140520,1.28e+6,4,2,2850,7861,1,0,4,4,10,1450,1400,1970,0,98117,47.6995,-122.397,2810,8087
823059185,20140520,3.26e+5,6,3,1880,7200,1,0,0,4,7,1880,0,1966,0,98056,47.5029,-122.188,1540,13022
1397300055,20140520,2.69e+5,2,1,790,8424,1,0,0,4,6,790,0,1953,0,98133,47.7511,-122.352,1470,8424
8819900270,20140520,4.40e+5,2,1.75,1300,4000,2,0,0,3,7,1300,0,1948,0,98105,47.6687,-122.288,1350,4013
5700004485,20140520,9.78e+5,4,2.75,2620,13777,1.5,0,2,4,9,1720,900,1926,0,98144,47.58,-122.285,3530,9287
9550200370,20140520,7.00e+5,4,1,1680,4021,1.5,0,0,3,7,1680,0,1921,0,98103,47.6663,-122.332,1710,4021
7247000035,20140520,2.10e+5,4,1.75,2180,28710,1,0,0,3,8,1180,1000,1950,0,98198,47.405,-122.288,2180,28710
104550580,20140520,2.60e+5,4,2.5,1990,6671,2,0,0,3,7,1990,0,1989,0,98023,47.3078,-122.358,1862,6566
3123059107,20140520,5.55e+5,3,2.5,3050,158558,1,0,0,4,9,3050,0,1987,0,98055,47.4326,-122.208,2960,31050
7852150120,20140520,3.84e+5,3,2.5,1700,4000,2,0,0,3,7,1700,0,2003,0,98065,47.5327,-121.871,1700,4417
1823069279,20140520,5.00e+5,5,3.5,3200,43560,2,0,0,3,7,3200,0,1989,0,98059,47.475,-122.093,2730,43560
7202340720,20140520,6.20e+5,3,2.5,2480,9041,2,0,0,3,7,2480,0,2004,0,98053,47.6797,-122.035,2480,6500
1253200170,20140520,2.50e+5,4,1.5,2500,6300,1,0,0,4,7,1500,1000,1961,0,98032,47.3781,-122.284,1720,8925
2326300010,20140520,3.76e+5,2,1,1150,4000,1,0,0,3,7,1150,0,1947,0,98199,47.6575,-122.394,1150,4288
7972000010,20140520,1.21e+5,3,1.75,1140,9628,1,0,0,4,7,1140,0,1969,0,98023,47.2933,-122.372,1510,9633
5366200460,20140520,6.20e+5,3,2.5,1700,4105,2,0,0,3,8,1700,0,1992,0,98122,47.6078,-122.292,1880,3665
7922900250,20140520,5.08e+5,3,2,2020,8118,1,0,0,3,7,1020,1000,1963,0,98008,47.5866,-122.118,1670,8118
7649900175,20140520,4.94e+5,4,1.75,2090,4300,1.5,0,0,4,7,1250,840,1925,0,98136,47.5555,-122.397,1670,5000
6056100383,20140520,3.80e+5,3,1.75,1690,1468,2,0,0,3,8,1380,310,2008,0,98108,47.563,-122.297,1690,1936
8024200685,20140520,4.40e+5,3,1.5,1270,1443,3,0,0,3,8,1270,0,2007,0,98115,47.699,-122.317,1270,1413
6056100380,20140520,4.15e+5,3,2.25,1970,2377,2,0,0,3,8,1680,290,2008,0,98108,47.5631,-122.297,1690,1936
2547200190,20140520,8.60e+5,4,2.75,3160,8097,2,0,0,3,9,3160,0,2014,0,98033,47.6709,-122.166,2200,8097
7974200948,20140520,9.53e+5,4,3.5,3120,5086,2,0,0,3,9,2480,640,2008,0,98115,47.6762,-122.288,1880,5092
3862710210,20140520,4.09e+5,3,2.5,1800,3168,2,0,0,3,8,1800,0,2014,0,98065,47.5342,-121.841,1800,3393
6169901185,20140520,4.90e+5,5,3.5,4460,2975,3,0,2,3,10,3280,1180,2015,0,98119,47.6313,-122.37,2490,4231
8562790760,20140520,7.85e+5,4,3.5,3070,4684,2,0,0,3,10,2190,880,2009,0,98027,47.5316,-122.076,2290,2664
6411600069,20140521,3.25e+5,3,1,990,6750,1,0,0,4,6,990,0,1947,0,98133,47.7125,-122.331,1440,6860
3905081070,20140521,5.36e+5,4,2.5,1900,5790,2,0,0,3,8,1900,0,1994,0,98029,47.5691,-121.996,2030,5790
7517500611,20140521,7.20e+5,3,2.5,2020,1159,3,0,3,3,8,2020,0,2000,0,98103,47.6617,-122.356,1920,3600
629810350,20140521,8.15e+5,4,2.75,3488,9614,2,0,0,3,10,3488,0,1998,0,98074,47.6055,-122.013,3600,10891
3352401981,20140521,1.99e+5,4,2,2030,8120,2,0,0,3,7,2030,0,1950,0,98178,47.4994,-122.261,1520,9440
8944750850,20140521,2.88e+5,3,2.25,1870,3230,2,0,0,3,7,1870,0,1997,0,98056,47.4915,-122.167,1620,3363
5525400300,20140521,6.19e+5,4,2.75,2450,14803,2,0,0,4,9,2450,0,1988,0,98059,47.5261,-122.162,2330,14803
7131300025,20140521,2.10e+5,3,1,1240,4842,1,0,0,4,6,1240,0,1916,0,98118,47.5166,-122.269,1540,5110
8561200110,20140521,5.13e+5,3,2.5,1900,7604,2,0,0,3,8,1900,0,1990,0,98033,47.7002,-122.188,1980,9583
8650300190,20140521,5.67e+5,3,2.5,2540,6093,2,0,0,3,9,2540,0,1999,0,98034,47.7042,-122.236,2540,5924
3329520170,20140521,2.50e+5,3,2,1170,7258,1,0,0,3,7,1170,0,1984,0,98001,47.3333,-122.266,1410,7750
2248000080,20140521,3.86e+5,3,2,1540,7947,1,0,0,3,7,1120,420,1961,0,98011,47.7605,-122.217,1910,7950
7387500185,20140521,2.50e+5,2,1,1140,5500,1,0,0,3,6,1140,0,1947,0,98106,47.5187,-122.363,1110,5500
1138000250,20140521,3.50e+5,3,1.5,980,7790,1,0,0,5,7,980,0,1969,0,98034,47.7141,-122.213,1390,7280
3438500430,20140521,2.70e+5,3,1.75,1390,10905,1,0,0,3,6,860,530,1957,0,98106,47.5517,-122.36,1390,10839
2111000580,20140521,3.00e+5,3,2.5,2720,6014,2,0,0,3,7,2720,0,2002,0,98092,47.3344,-122.174,2760,6537
2011400710,20140521,4.05e+5,3,1.75,2470,9620,1,0,1,4,7,1570,900,1962,0,98198,47.3996,-122.32,2600,9620
4174600055,20140521,3.60e+5,2,0.75,850,7710,1,0,2,5,6,550,300,1909,0,98108,47.5588,-122.301,2500,6022
9412700550,20140521,2.57e+5,3,2.5,1990,8991,1,0,0,3,7,1570,420,1969,0,98042,47.3939,-122.164,1920,8991
2806300070,20140521,9.75e+5,5,4,4850,36450,2,0,0,3,10,4850,0,1977,0,98005,47.6426,-122.158,3850,35325
7972604355,20140521,2.18e+5,3,1,1020,7874,1,0,0,3,7,1020,0,1956,0,98106,47.5175,-122.346,1290,7320
4406000390,20140521,2.55e+5,3,1.5,1060,9039,1,0,0,3,7,1060,0,1973,2013,98058,47.4293,-122.151,1410,9515
7222000209,20140521,3.45e+5,4,2.75,1800,5453,1,0,0,3,7,1050,750,2002,0,98055,47.4632,-122.209,1820,6900
8122600145,20140521,4.52e+5,4,2,1660,6150,1,0,0,3,6,850,810,1945,0,98126,47.5371,-122.368,1110,6250
625049281,20140521,5.35e+5,2,1,1030,4841,1,0,0,3,7,920,110,1939,0,98103,47.686,-122.341,1530,4944
7284900385,20140521,9.70e+5,4,3.25,2790,5420,1,0,3,3,9,1130,1660,1963,2013,98177,47.7698,-122.386,2530,7200
3797000035,20140521,4.30e+5,3,1,1150,3000,1,0,0,5,6,1150,0,1906,0,98103,47.6867,-122.345,1460,3200
5631500369,20140521,5.20e+5,4,2.5,3290,11446,2,0,0,3,8,3290,0,1992,0,98028,47.7399,-122.234,2050,11933
6306100190,20140521,2.20e+5,4,2.5,2160,8005,2,0,0,3,7,2160,0,1993,0,98001,47.2668,-122.231,1790,8016
2652501470,20140521,1.22e+6,4,2.5,3240,3600,2,0,0,3,9,2060,1180,2008,0,98109,47.6405,-122.356,1820,3600
1797500780,20140521,5.40e+5,3,2,1470,1691,2,0,0,3,8,1000,470,2007,0,98115,47.6743,-122.316,1660,4000
7732410130,20140521,6.00e+5,3,2.25,2230,9053,2,0,0,4,9,2230,0,1987,0,98007,47.6594,-122.144,2390,8038
291300010,20140521,3.90e+5,3,2.25,1445,1471,2,0,0,3,7,1300,145,2003,0,98027,47.5342,-122.072,1410,1399
8691330910,20140521,7.44e+5,4,2.75,2830,13059,2,0,0,3,10,2830,0,1998,0,98075,47.595,-121.986,3840,11596
1825079086,20140521,7.00e+5,4,2.5,3010,46173,2,0,0,3,9,3010,0,1996,0,98053,47.6471,-121.964,2590,49222
8732020720,20140521,3.19e+5,4,2.25,2000,9000,1,0,0,4,8,2000,0,1978,0,98023,47.3125,-122.387,2190,8374
7437100770,20140521,2.75e+5,3,2.5,2030,6326,2,0,0,3,7,2030,0,1993,0,98038,47.3491,-122.029,1810,6825
7568700740,20140521,4.30e+5,3,2.75,2550,11160,2,0,0,3,8,2550,0,1994,0,98155,47.7351,-122.323,1020,7440
123039364,20140521,3.00e+5,2,1,970,13700,1,0,0,3,6,970,0,1949,0,98106,47.515,-122.362,1570,10880
3424069066,20140521,3.96e+5,3,1.75,1540,12446,1,0,0,5,8,1540,0,1967,0,98027,47.5172,-122.027,1330,11508
164000261,20140521,7.00e+5,4,3.25,2780,7875,2,0,0,3,9,2780,0,2006,0,98133,47.7294,-122.352,1000,7500
3141600600,20140521,2.60e+5,6,2,2220,8797,1,0,0,3,7,2220,0,1977,0,98002,47.2977,-122.227,1170,5123
1525059198,20140521,1.19e+6,3,2.25,2760,40946,2,0,0,5,10,2760,0,1978,0,98005,47.6501,-122.164,3030,42253
3892500150,20140521,1.55e+6,3,2.5,4460,26027,2,0,0,3,12,4460,0,1992,0,98033,47.6573,-122.173,3770,26027
8562710550,20140521,9.50e+5,5,3.75,5330,6000,2,0,2,3,10,3570,1760,2006,0,98027,47.5401,-122.073,4420,5797
3760500407,20140521,1.03e+6,3,4,3880,13095,2,0,3,3,11,3700,180,2009,0,98034,47.6996,-122.233,3880,10830
3758900023,20140521,1.13e+6,4,3.25,3810,8519,1,0,1,3,10,2680,1130,2007,0,98033,47.699,-122.207,3240,10748
2791500270,20140522,2.44e+5,4,2.5,1980,7403,2,0,0,3,7,1980,0,1988,0,98023,47.2897,-122.372,1980,7510
9485951170,20140522,4.80e+5,4,2.25,3250,34293,2,0,0,4,9,3250,0,1983,0,98042,47.3496,-122.094,3110,35982
6623400135,20140522,3.24e+5,3,2.5,1750,7208,2,0,0,3,8,1750,0,1994,0,98055,47.4315,-122.192,2050,7524
2935400100,20140522,6.25e+5,3,1.75,2060,12558,1,0,0,4,7,1350,710,1984,0,98052,47.6659,-122.144,1850,8722
809000820,20140522,4.94e+5,2,1.75,1560,1750,1,0,0,4,6,780,780,1904,0,98109,47.6347,-122.355,1850,3600
3342700405,20140522,5.85e+5,4,1.75,3000,42200,1,0,3,3,7,1500,1500,1950,0,98056,47.5265,-122.202,2500,9821
1561930020,20140522,4.30e+5,4,3,3220,8936,2,0,0,3,9,2450,770,1990,0,98031,47.4208,-122.213,2810,10500
7695450010,20140522,6.05e+5,4,2.75,2750,14982,1,0,3,3,9,1720,1030,1981,0,98198,47.3566,-122.32,2860,16344
623049093,20140522,2.20e+5,3,1,910,6000,1,0,0,2,6,910,0,1956,0,98146,47.5065,-122.338,1090,6957
8641500280,20140522,2.70e+5,2,1.5,840,867,2,0,0,3,7,840,0,2005,0,98115,47.6955,-122.304,840,1322
4318200440,20140522,4.32e+5,3,2.25,1470,1578,2,0,0,3,8,1090,380,2007,0,98136,47.5388,-122.387,1470,1668
1148000190,20140522,2.50e+5,2,1,940,8532,1,0,0,4,7,940,0,1959,0,98166,47.4814,-122.343,1050,8100
8151600610,20140522,2.36e+5,2,1,740,11250,1,0,0,2,6,740,0,1938,0,98146,47.5036,-122.362,1390,11250
8835400805,20140522,6.57e+5,4,1.75,2740,8520,1,0,2,3,8,1370,1370,1954,0,98118,47.5445,-122.263,2740,9286
1939120450,20140522,6.58e+5,3,2.5,2670,10496,2,0,0,3,9,2670,0,1989,0,98074,47.6272,-122.026,2490,8636
4136880140,20140522,2.55e+5,4,2.75,2570,7264,2,0,0,3,8,1720,850,1998,0,98092,47.258,-122.208,2420,7911
6414100133,20140522,3.37e+5,3,1,1070,6109,1,0,0,5,7,1070,0,1951,0,98125,47.7207,-122.32,1170,7200
475000975,20140522,4.92e+5,4,2,1640,5000,2,0,0,3,7,1640,0,1907,1983,98107,47.6662,-122.365,1240,5000
3764800540,20140522,3.49e+5,3,1,1220,7876,1,0,0,3,7,1220,0,1966,0,98034,47.7317,-122.201,1340,7876
3185600040,20140522,1.80e+5,2,1,1400,4500,1,0,0,3,7,900,500,1922,0,98055,47.4866,-122.219,1400,5500
9407001320,20140522,2.95e+5,4,2,980,10640,1,0,0,5,7,980,0,1978,0,98045,47.4462,-121.773,1230,9750
1125059071,20140522,9.10e+5,4,3.25,3340,10890,1.5,0,0,3,9,2240,1100,1963,2000,98052,47.6677,-122.136,2880,9794
1424069069,20140522,1.15e+6,6,4.5,6040,219542,2,0,0,3,11,4100,1940,1996,0,98029,47.5622,-122.003,2010,32362
104560280,20140522,2.73e+5,4,3,1990,6180,2,0,0,3,7,1990,0,1990,0,98023,47.3083,-122.36,1910,6180
8731982630,20140522,2.40e+5,4,2.25,1720,8300,1,0,0,4,8,1720,0,1973,0,98023,47.3192,-122.385,2010,8000
1551500130,20140522,1.80e+5,4,1.5,1740,7292,1,0,0,3,7,1020,720,1962,0,98168,47.4787,-122.302,1740,7573
9185700414,20140522,1.18e+6,3,1.75,1610,7200,1,0,0,3,8,1090,520,1973,0,98112,47.6279,-122.287,3790,7200
7504000290,20140522,6.36e+5,4,2.5,3240,13978,1,0,0,3,9,1860,1380,1977,0,98074,47.6298,-122.057,3150,12767
6139800430,20140522,4.82e+5,5,2.25,2230,9600,1,0,0,3,8,1320,910,1978,0,98077,47.7466,-122.076,2080,9760
1177000130,20140522,8.05e+5,4,2.75,2410,6000,1,0,0,5,8,1410,1000,1950,0,98107,47.6707,-122.399,1760,6000
4067600255,20140522,3.98e+5,2,1,590,10945,1.5,0,0,3,5,590,0,1983,0,98010,47.3364,-122.033,2020,15180
7135521680,20140522,6.65e+5,4,2.5,2600,17388,2,0,0,3,9,2600,0,1996,0,98059,47.5283,-122.146,2950,11553
8563050110,20140522,5.93e+5,4,3,2170,8240,1,0,0,4,8,1370,800,1968,0,98052,47.6291,-122.093,2020,7944
5611500100,20140522,6.55e+5,4,2.5,2860,12394,2,0,0,3,10,2860,0,1999,0,98075,47.5832,-122.026,3070,8515
6909700437,20140522,3.53e+5,2,1,1060,1600,2,0,0,3,7,1060,0,1979,0,98144,47.5888,-122.294,1360,3360
2517000260,20140522,3.30e+5,4,3.5,3150,6202,2,0,0,3,7,3150,0,2005,0,98042,47.3993,-122.162,2950,5940
8073900070,20140522,4.08e+5,3,2.25,1950,7221,1,0,0,4,8,1950,0,2006,0,98188,47.431,-122.285,2310,8125
5710000005,20140522,2.15e+6,4,5.5,5060,10320,2,0,0,3,11,5060,0,2008,0,98004,47.6245,-122.21,3010,10080
603000926,20140522,3.80e+5,5,3.5,2420,4670,2,0,0,3,7,2420,0,2013,0,98118,47.5241,-122.285,1430,4468
7203110240,20140522,6.60e+5,3,2.5,2450,4332,2,0,0,3,8,2450,0,2010,0,98053,47.6942,-122.016,2450,4154
5393600562,20140522,4.30e+5,2,2.5,1520,1588,2,0,0,3,8,1240,280,2007,0,98144,47.5825,-122.313,1660,6000
546000875,20140523,4.60e+5,3,1,1670,4005,1.5,0,0,4,7,1170,500,1939,0,98117,47.6878,-122.38,1240,4005
3226200105,20140523,3.25e+5,3,1,1920,6862,1,0,2,3,7,1120,800,1952,0,98118,47.5193,-122.274,2000,6900
7123400045,20140523,2.25e+5,2,1,1300,11867,1.5,0,0,4,6,1300,0,1975,0,98010,47.3221,-121.903,820,11867
3622059155,20140523,2.35e+5,4,2.5,1810,39639,1,0,0,3,7,1230,580,1970,0,98042,47.3472,-122.11,1810,44866
8572900135,20140523,4.00e+5,3,1.75,2420,12676,2,0,0,3,7,2420,0,1911,1986,98045,47.4943,-121.789,1210,6769
3342101785,20140523,5.50e+5,3,2.5,2510,5400,2,0,0,3,9,2510,0,1992,0,98056,47.5204,-122.206,1840,5400
7977201707,20140523,5.26e+5,3,1.75,1680,3420,1,0,0,3,7,960,720,1992,0,98115,47.6854,-122.291,1680,4080
3211270170,20140523,4.04e+5,4,3,4060,35621,1,0,0,3,9,2030,2030,1989,0,98092,47.3059,-122.108,2950,35259
1782000130,20140523,3.83e+5,3,1,1800,5612,1,0,0,4,7,1200,600,1942,0,98126,47.525,-122.378,1450,5250
5711200170,20140523,5.35e+5,3,2.5,2210,7620,2,0,0,3,8,2210,0,1994,0,98052,47.6938,-122.13,1920,7440
9238500480,20140523,4.65e+5,4,2.75,2430,20720,1,0,0,3,7,2430,0,1967,0,98072,47.775,-122.139,2580,26950
3276930380,20140523,6.75e+5,4,2.5,2560,36601,2,0,0,4,9,2560,0,1987,0,98075,47.5851,-121.992,2790,36601
1473000020,20140523,4.16e+5,3,1.5,1110,9762,1,0,0,4,7,1110,0,1963,0,98052,47.676,-122.15,1900,9720
5244800895,20140523,5.95e+5,2,1.5,1030,4500,1,0,0,3,7,830,200,1924,0,98109,47.6455,-122.352,1250,4000
6623400246,20140523,2.00e+5,4,1,1350,11507,1,0,0,3,7,1350,0,1966,0,98055,47.4269,-122.197,1320,25675
3630010040,20140523,4.02e+5,3,2,1540,1827,2,0,0,3,8,1540,0,2005,0,98029,47.5479,-121.998,1540,1827
3322049201,20140523,2.75e+5,4,1.5,1930,15531,2,0,0,3,7,1930,0,1979,0,98003,47.345,-122.296,1580,7800
3840700455,20140523,4.10e+5,3,2,1650,9641,1.5,0,0,3,7,1650,0,1983,0,98034,47.7145,-122.231,1940,6701
486000510,20140523,1.33e+6,4,3,3370,7920,1,0,3,3,10,1860,1510,1988,0,98117,47.6773,-122.403,2730,7380
2450000320,20140523,6.07e+5,3,1,1230,8114,1,0,0,4,7,1230,0,1951,0,98004,47.5822,-122.196,2220,8114
2421059017,20140523,5.50e+5,4,3,2830,213879,2,0,0,4,8,2830,0,1987,0,98092,47.2925,-122.107,2250,213008
6087100070,20140523,6.61e+5,4,4,2290,6250,1.5,0,0,5,7,1690,600,1940,0,98116,47.5824,-122.384,1920,4335
3221059044,20140523,8.00e+5,4,3.5,4220,196817,2,0,0,3,10,4220,0,1993,0,98092,47.2642,-122.187,2500,195395
4014400237,20140523,1.33e+5,3,1,1080,10500,1,0,0,3,7,1080,0,1967,0,98001,47.32,-122.278,1200,9607
8562850150,20140523,4.67e+5,3,1.75,1620,8645,1,0,0,3,7,1190,430,1973,0,98052,47.6651,-122.151,2010,8645
5093300325,20140523,1.61e+6,4,3.5,4390,11600,2,0,3,3,11,3060,1330,1990,0,98040,47.5862,-122.246,3240,12000
2028700360,20140523,6.41e+5,3,1.75,1620,3975,1,0,0,5,7,940,680,1926,0,98117,47.6786,-122.368,1320,3922
7304301005,20140523,3.50e+5,3,1,1010,11244,1,0,0,4,7,1010,0,1947,0,98155,47.7467,-122.321,1220,11242
7626200235,20140523,4.65e+5,3,1.75,1120,5500,1.5,0,0,4,7,1120,0,1925,0,98136,47.5445,-122.391,1490,5500
7520000020,20140523,2.44e+5,4,1,1450,8960,1,0,0,3,6,1450,0,1943,0,98146,47.4972,-122.348,1160,7680
7202360170,20140523,7.89e+5,4,2.75,3500,7200,2,0,0,3,9,3500,0,2005,0,98053,47.6818,-122.025,3920,7666
1423049019,20140523,9.00e+4,2,1,580,7500,1,0,0,3,5,580,0,1943,0,98178,47.4852,-122.251,1700,11250
5075400150,20140523,5.85e+5,3,2,1670,4572,1.5,0,0,3,8,1670,0,1931,0,98117,47.6854,-122.373,1480,4890
5100400315,20140523,3.79e+5,2,1,800,6380,1,0,2,3,7,800,0,1940,0,98115,47.691,-122.309,920,5940
9221400600,20140523,4.62e+5,3,1.75,1300,2580,1,0,0,5,7,820,480,1919,0,98115,47.674,-122.319,1180,2820
2473530100,20140523,3.88e+5,4,2.5,2440,7155,2,0,0,3,8,2440,0,1993,0,98058,47.4501,-122.126,2450,8109
6071200455,20140523,5.50e+5,3,2,1830,9152,1,0,0,5,8,1830,0,1959,0,98006,47.5531,-122.181,1770,9220
3278600670,20140523,2.35e+5,2,1,1140,1730,1.5,0,0,3,8,1010,130,2007,0,98126,47.5494,-122.372,1360,1730
4310703083,20140523,3.55e+5,3,2,1220,1186,3,0,0,3,8,1220,0,2007,0,98103,47.6972,-122.341,1280,1251
4136920030,20140524,3.47e+5,4,1.5,2670,10026,2,0,0,3,8,2670,0,1996,0,98092,47.2659,-122.215,2420,11900
5126400230,20140524,1.99e+5,2,1,720,7200,1,0,0,5,6,720,0,1943,0,98058,47.4763,-122.177,970,8027
8732750100,20140525,3.25e+5,4,3.5,2630,3435,1.5,0,3,3,7,1640,990,1984,0,98188,47.4355,-122.272,1920,2435
766800090,20140525,1.95e+5,3,1.75,1570,8459,1,0,0,3,7,1570,0,1991,0,98022,47.2016,-122.006,1650,8844
2481600110,20140525,6.75e+5,3,3,2980,28000,1,0,0,3,10,1820,1160,1981,0,98052,47.7318,-122.139,2570,28500
6679000370,20140525,2.95e+5,3,2.5,1560,4200,2,0,0,3,7,1560,0,2003,0,98038,47.3838,-122.026,1560,4200
3438500339,20140526,2.76e+5,3,1,1140,5000,1,0,0,3,7,1140,0,1960,0,98106,47.5535,-122.362,1140,5000
4047200380,20140526,4.60e+5,2,1.5,2730,19877,1,0,0,4,8,1570,1160,1976,0,98019,47.7698,-121.898,1450,19509
3670500465,20140526,3.70e+5,3,2.5,1780,4050,2,0,0,3,7,1780,0,2001,0,98155,47.7346,-122.308,1571,4976
3709600180,20140526,3.46e+5,4,2.5,2100,3916,2,0,0,3,8,2100,0,2009,0,98058,47.4324,-122.185,2100,3916
8718500610,20140526,3.80e+5,3,1.5,1690,9144,1,0,0,4,7,1140,550,1956,0,98028,47.739,-122.253,1840,10600
9212900260,20140527,4.68e+5,2,1,1160,6000,1,0,0,4,7,860,300,1942,0,98115,47.69,-122.292,1330,6000
6380500135,20140527,3.26e+5,2,1,880,7683,1,0,0,3,6,880,0,1942,0,98177,47.7145,-122.361,1370,7695
4140900140,20140527,4.38e+5,3,1.75,1650,12940,1,0,0,4,7,1650,0,1961,0,98028,47.7629,-122.268,2830,12600
1250203335,20140527,1.05e+6,4,2.5,2920,7200,1,0,3,3,8,1470,1450,1921,2006,98144,47.5947,-122.288,3210,6825
7524950830,20140527,5.85e+5,3,1.75,1850,7735,1,0,0,4,8,1850,0,1983,0,98027,47.5608,-122.082,2220,7639
2172000750,20140527,1.60e+5,2,1,1180,9350,1,0,0,3,6,1180,0,1918,0,98178,47.4889,-122.259,1780,9306
5318100645,20140527,1.57e+6,4,3.75,3070,5850,2,0,0,5,9,2400,670,1927,0,98112,47.633,-122.283,2940,5573
8691410100,20140527,7.35e+5,5,2.75,3390,5211,2,0,0,3,9,3390,0,2004,0,98075,47.5977,-121.981,3210,5211
2473450430,20140527,3.99e+5,4,2.5,2870,9292,2,0,0,3,8,2540,330,1979,0,98058,47.4522,-122.123,2590,7533
7522500020,20140527,7.30e+5,3,2,1840,4750,1,0,0,5,7,1010,830,1951,0,98117,47.6862,-122.395,1760,5510
1137410040,20140527,5.15e+5,4,2.5,3200,6473,2,0,0,3,7,3200,0,2005,0,98059,47.5012,-122.15,2480,6140
7970800100,20140527,2.83e+5,4,2.5,1982,6406,2,0,0,3,8,1982,0,2004,0,98030,47.3636,-122.192,2340,6501
7923300310,20140527,4.95e+5,4,2.25,1940,9144,1,0,0,4,7,1430,510,1956,0,98007,47.5942,-122.135,1460,9437
8564500240,20140527,4.15e+5,5,1.5,1900,10226,1,0,0,3,7,1130,770,1961,0,98034,47.7226,-122.227,1690,10227
191100672,20140527,1.38e+6,4,3.75,3160,9525,2.5,0,0,3,10,3160,0,1997,0,98040,47.5623,-122.221,2400,9525
1246700251,20140527,8.57e+5,4,3,3720,29043,2,0,0,3,9,3720,0,1991,0,98033,47.6907,-122.161,1610,23000
2608300035,20140527,3.29e+5,3,1,1600,5952,1,0,0,4,7,1150,450,1964,0,98106,47.5292,-122.362,1460,6200
2561360120,20140527,4.75e+5,3,2,1230,11502,1,0,0,4,7,1230,0,1984,0,98052,47.7017,-122.127,1660,11727
9297300395,20140527,4.35e+5,3,1,1270,4000,1.5,0,2,3,7,1270,0,1928,0,98126,47.5695,-122.376,1560,4000
7011201475,20140527,7.80e+5,3,3,2520,2152,1.5,0,0,3,8,1560,960,1925,2006,98119,47.6363,-122.371,1140,2152
3524049042,20140527,3.75e+5,3,1.5,2000,7294,1,0,0,3,7,1520,480,1965,0,98118,47.5297,-122.267,2000,6000
2924069132,20140527,5.28e+5,3,1.75,2310,78844,1,0,0,3,8,1760,550,1977,0,98027,47.5406,-122.066,2830,6230
1193000280,20140527,9.94e+5,3,2.25,2510,6339,1.5,0,2,5,8,1810,700,1932,0,98199,47.6496,-122.391,1820,5741
2425069069,20140527,5.87e+5,3,2.25,2370,217800,2,0,0,3,7,2370,0,1979,0,98053,47.6364,-121.984,3100,86248
3211200290,20140527,3.04e+5,3,1,900,7500,1,0,0,4,7,900,0,1972,0,98034,47.7314,-122.237,1960,7500
1441600020,20140527,9.60e+5,5,4,3720,15200,2,0,0,3,10,3720,0,2005,0,98075,47.5956,-122.026,4100,19036
7785000230,20140527,9.70e+5,5,3,3480,15185,2,0,0,4,8,3480,0,1964,0,98040,47.5757,-122.216,3030,14257
1931300850,20140527,4.27e+5,2,1,920,3780,1,0,0,3,6,920,0,1910,0,98103,47.6576,-122.348,1570,2640
7445000115,20140527,7.25e+5,3,1.5,2500,4774,1.5,0,2,3,7,1450,1050,1940,0,98107,47.6567,-122.358,1300,4000
3621059043,20140527,2.93e+5,4,2.5,3250,235063,1,0,2,3,9,3250,0,1973,0,98092,47.2582,-122.113,1600,44287
1446400615,20140527,2.68e+5,4,2,1930,6600,1,0,0,4,7,1030,900,1967,0,98168,47.482,-122.332,1220,6600
3223039229,20140527,4.75e+5,4,3.5,3400,234352,2,0,0,3,8,2500,900,1991,0,98070,47.4335,-122.449,1300,39639
2856101105,20140527,4.88e+5,3,2.5,1590,2550,3,0,0,3,7,1590,0,1985,0,98117,47.6772,-122.393,1260,5100
325059277,20140527,7.60e+5,4,2.5,3330,7399,2,0,0,3,9,3330,0,2009,0,98052,47.679,-122.153,2640,8601
9492500090,20140527,7.55e+5,3,2.5,2610,7256,2,0,0,3,9,2610,0,2014,0,98033,47.695,-122.18,2610,7206
4181200680,20140527,2.64e+5,3,2.5,1658,2700,2,0,0,3,8,1658,0,2014,0,98198,47.3667,-122.307,1658,2700
3753000030,20140527,4.00e+5,3,3,1296,1051,3,0,0,3,8,1296,0,2009,0,98125,47.7175,-122.284,1520,1939
7852070210,20140527,1.15e+6,4,3,5940,11533,2,0,4,3,11,4950,990,2004,0,98065,47.5443,-121.87,4240,12813
3331000035,20140527,4.95e+5,3,2.5,1750,1548,3,0,0,3,9,1750,0,2013,0,98118,47.5532,-122.282,1750,3960
3526069070,20140528,7.99e+5,4,3,2580,209523,2,0,0,3,8,2580,0,1984,0,98053,47.6932,-122.006,3440,213444
4298100070,20140528,6.30e+5,4,2.5,2740,43101,2,0,0,3,9,2740,0,1993,0,98077,47.7649,-122.049,2740,33447
7227500830,20140528,1.51e+5,2,1,720,4222,1,0,0,4,5,720,0,1942,0,98056,47.4965,-122.186,860,4785
8651580310,20140528,6.21e+5,3,2.25,2180,7741,2,0,0,3,9,2180,0,1986,0,98074,47.6482,-122.072,2300,8581
3649100473,20140528,3.65e+5,3,1.5,1300,12240,1,0,0,3,7,1300,0,1963,0,98028,47.737,-122.243,2040,9326
4278900055,20140528,5.99e+5,4,2.75,2020,2750,1,0,0,3,8,1010,1010,1917,2014,98122,47.6053,-122.291,1840,4000
9371700125,20140528,2.54e+5,2,1,1060,8187,1,0,0,4,6,1060,0,1952,0,98133,47.7508,-122.349,1260,8188
9471200115,20140528,1.29e+6,4,2.5,3240,10800,1,0,0,3,10,2260,980,1946,0,98105,47.6709,-122.262,3490,10800
1235700042,20140528,5.37e+5,3,2.5,1550,12920,2,0,0,5,7,1550,0,1999,0,98033,47.6973,-122.194,2610,10800
1312200080,20140528,2.24e+5,3,1.5,1560,7300,1,0,0,4,7,1040,520,1964,0,98001,47.3427,-122.281,1460,7910
1324300091,20140528,3.70e+5,3,1,800,2296,1,0,0,4,6,800,0,1908,0,98103,47.6546,-122.356,1480,1472
303100080,20140528,2.45e+5,3,1.75,1300,7958,1,0,0,3,7,1300,0,1996,0,98092,47.3162,-122.194,1640,8698
6163900981,20140528,2.20e+5,3,1,1180,5002,1.5,0,0,3,7,1180,0,1946,0,98155,47.7529,-122.324,1470,8410
3425059141,20140528,9.99e+5,7,4,3150,34830,1,0,0,3,9,3150,0,1957,2005,98007,47.6029,-122.147,2390,12054
5706600150,20140528,2.15e+5,3,1.75,1210,8075,1,0,0,4,6,1210,0,1983,0,98001,47.2666,-122.254,1310,8025
5127001170,20140528,2.66e+5,3,1.5,1430,9600,1,0,0,4,7,1430,0,1966,0,98059,47.4737,-122.15,1590,10240
1322049335,20140528,2.45e+5,3,2.5,2060,4030,2,0,0,3,7,2060,0,1999,0,98032,47.3909,-122.238,2060,4029
3222059187,20140528,4.60e+5,4,3,2230,52983,2,0,0,3,8,2230,0,1991,0,98030,47.3577,-122.195,2060,8755
1321720140,20140528,3.70e+5,4,2.5,3090,18645,2,0,0,3,9,3090,0,1995,0,98023,47.2902,-122.342,3610,20114
5152700060,20140528,4.65e+5,6,3.25,4250,23326,1,0,3,3,10,2150,2100,1967,0,98003,47.34,-122.327,3370,15983
7936500172,20140528,1.18e+6,3,2.5,1970,23180,1,1,4,3,8,1100,870,1937,1998,98136,47.5495,-122.398,3030,34689
5699000070,20140528,1.40e+6,4,3.25,2980,7000,2,0,3,3,10,2140,840,1900,2014,98144,47.5933,-122.292,2200,4800
2826049117,20140528,4.39e+5,3,1.75,1610,6480,1,0,0,4,7,1610,0,1947,0,98125,47.7137,-122.307,1230,8040
6822100030,20140528,5.89e+5,3,1,1110,6000,1.5,0,0,5,7,1110,0,1932,0,98199,47.6496,-122.403,1420,6000
5467910140,20140528,4.80e+5,3,2,1980,12150,1,0,0,3,9,1980,0,1994,0,98042,47.3657,-122.152,2200,12150
5347200162,20140528,2.10e+5,2,1.5,880,1157,2,0,0,3,7,880,0,2007,0,98126,47.5188,-122.376,1070,1203
1794501415,20140528,8.41e+5,3,2,2520,5400,1.5,0,0,4,8,1410,1110,1906,0,98119,47.6365,-122.361,1960,5400
7663700968,20140528,5.65e+5,7,4.5,4140,9066,1,0,0,3,7,2070,2070,1978,0,98125,47.7302,-122.291,1440,1865
2524049318,20140528,2.00e+6,4,3,4260,18000,2,0,2,3,11,4260,0,2000,0,98040,47.5355,-122.24,3540,17015
7435500085,20140528,3.80e+5,3,2,1660,8281,1,0,0,3,7,1660,0,1949,0,98136,47.5568,-122.382,1660,7559
1931300870,20140528,3.55e+5,2,1,1270,3200,1,0,0,4,7,960,310,1920,0,98103,47.6565,-122.348,1410,1320
9211520150,20140528,2.36e+5,4,2.25,1830,9485,1,0,0,4,7,1200,630,1989,0,98023,47.2995,-122.387,1730,10109
1695900150,20140528,7.00e+5,2,1.75,2320,5500,1.5,0,2,3,8,1720,600,1925,2000,98144,47.586,-122.292,2380,5000
8045600130,20140528,4.25e+5,4,2.75,1680,9545,1,0,0,4,7,1080,600,1979,0,98028,47.739,-122.243,1890,9545
5700000275,20140528,6.35e+5,3,2.5,2300,5500,1.5,0,0,4,8,2000,300,1921,0,98144,47.5785,-122.293,2100,5000
8081900101,20140528,9.60e+5,4,2.25,2410,4560,2,0,2,5,9,1800,610,1929,0,98117,47.6796,-122.402,2150,5100
2215901190,20140528,2.54e+5,3,2,1480,7480,1,0,0,4,7,1480,0,1992,0,98038,47.3542,-122.055,1680,7146
7418700050,20140528,2.99e+5,3,1,1390,9624,1.5,0,0,4,7,1390,0,1954,0,98155,47.7758,-122.301,1440,9624
522059327,20140528,1.58e+5,2,1,740,9003,1,0,0,3,5,740,0,1949,0,98031,47.4217,-122.197,1230,8050
2215500080,20140528,5.80e+5,5,2,1940,6000,1,0,0,5,7,970,970,1945,0,98115,47.6875,-122.287,1700,6000
2436700280,20140528,8.40e+5,4,1.75,2330,4000,2,0,0,5,8,1300,1030,1924,0,98105,47.666,-122.289,2040,4000
1972200698,20140528,4.75e+5,2,3.25,1400,1243,3,0,0,3,8,1400,0,2000,0,98103,47.6534,-122.353,1400,1335
3890600150,20140528,4.65e+5,3,2.25,1840,5752,2,0,0,3,7,1840,0,2003,0,98034,47.7042,-122.187,1670,2462
4058800215,20140528,4.30e+5,3,3.75,3890,7140,1,0,2,3,8,2390,1500,1943,2007,98178,47.5073,-122.239,1820,7320
3584000180,20140528,2.53e+5,3,2,1400,8640,1,0,0,5,7,1400,0,1968,0,98003,47.3182,-122.319,1270,9375
1824079107,20140528,7.40e+5,4,2.25,2920,46355,2,0,0,4,9,2920,0,1998,0,98024,47.569,-121.962,2310,184694
9268710220,20140528,1.87e+5,2,2,1390,1302,2,0,0,3,7,1390,0,1986,0,98003,47.3089,-122.33,1390,1302
9136100056,20140528,8.75e+5,3,2.75,2280,4280,1,0,0,5,7,1280,1000,1917,0,98103,47.6685,-122.335,1650,4280
7853280550,20140528,7.00e+5,4,3.5,4490,5099,2,0,0,3,9,3390,1100,2006,0,98065,47.5394,-121.861,4290,5537
6192410550,20140528,7.39e+5,3,2.5,2810,5400,2,0,0,3,9,2810,0,2005,0,98052,47.7065,-122.118,2870,5400
2867300190,20140528,3.63e+5,4,2.5,3753,7204,2,0,0,3,10,3336,417,2008,0,98023,47.3011,-122.385,3494,9375
6865200140,20140529,4.85e+5,4,1,1600,4300,1.5,0,0,4,7,1600,0,1916,0,98103,47.6648,-122.343,1610,4300
4027700812,20140529,4.52e+5,4,2.25,2590,10002,1,0,0,4,8,1340,1250,1968,0,98028,47.7689,-122.266,1550,10436
5152100060,20140529,4.72e+5,6,2.5,4410,14034,1,0,2,4,9,2350,2060,1965,0,98003,47.3376,-122.324,2600,13988
1840000030,20140529,2.68e+5,3,1.75,1590,11914,1,0,2,3,7,1090,500,1957,0,98188,47.4427,-122.274,1630,9052
6979900390,20140529,5.65e+5,4,2.5,2440,22594,2,0,0,3,8,2440,0,1996,0,98053,47.6333,-121.97,2560,33341
9528104108,20140529,5.35e+5,3,2.5,1360,1016,3,0,0,3,7,1310,50,2003,0,98115,47.6774,-122.324,1365,1156
5101405274,20140529,3.89e+5,2,1,910,7000,1,0,0,3,7,910,0,1952,0,98115,47.6999,-122.305,1260,7528
3034200058,20140529,4.00e+5,4,1.5,1390,7200,1,0,0,3,7,1140,250,1965,0,98133,47.7224,-122.332,1630,7702
3905010140,20140529,6.90e+5,4,2.5,2920,9904,2,0,0,4,9,2920,0,1990,0,98029,47.5759,-121.995,1810,5617
1721069036,20140529,4.12e+5,3,1.75,1950,52256,1,0,0,4,8,1950,0,1985,0,98042,47.3133,-122.078,2450,51836
1432400060,20140529,2.30e+5,2,1,950,7560,1,0,0,3,6,950,0,1958,0,98058,47.4499,-122.176,1160,7560
1820069019,20140529,3.02e+5,2,1,900,423838,1,0,2,5,6,900,0,1925,0,98022,47.228,-122.088,1810,94960
7015200615,20140529,8.20e+5,4,2.25,2280,6660,1.5,0,2,3,8,1960,320,1940,1984,98119,47.6503,-122.368,1720,5336
6099400053,20140529,1.45e+5,3,1,1010,5490,1,0,0,3,6,1010,0,1954,0,98168,47.4762,-122.293,1740,10658
3693900985,20140529,4.37e+5,2,1,1260,5000,1,0,0,3,7,1040,220,1951,0,98117,47.6782,-122.397,1510,5000
203100625,20140529,6.72e+5,3,2.5,2620,21587,2,0,0,3,7,2620,0,1992,0,98053,47.6384,-121.959,2570,23650
6300000337,20140529,5.50e+5,5,2,2450,9488,1,0,0,4,7,1240,1210,1900,1955,98133,47.7056,-122.34,1310,5693
9542801990,20140529,2.67e+5,4,1.75,1880,7632,1,0,0,4,7,1180,700,1978,0,98023,47.3068,-122.372,1840,8528
2877102651,20140529,6.19e+5,4,2,2300,3400,1.5,0,0,5,8,1550,750,1915,0,98117,47.678,-122.361,1670,4200
9465910190,20140529,6.00e+5,3,1.75,2930,19876,1,0,0,3,9,2030,900,1993,0,98072,47.7443,-122.17,2740,11499
7135520610,20140529,9.50e+5,4,3.5,4140,13392,2,0,0,3,11,4140,0,2000,0,98059,47.5261,-122.144,4140,11529
7883603425,20140529,1.55e+5,3,1,1250,6250,1,0,0,2,7,1030,220,1949,0,98108,47.5292,-122.323,1130,6250
2570500230,20140529,4.00e+5,5,2,1930,9747,1,0,0,4,7,1020,910,1962,0,98028,47.7743,-122.235,2040,9370
2570300240,20140529,4.05e+5,5,1.75,1880,10000,1,0,0,3,7,960,920,1963,0,98034,47.7182,-122.201,1580,10000
2025049114,20140529,4.02e+5,2,1,710,1173,2,0,0,4,7,710,0,1943,0,98102,47.6412,-122.329,1370,1173
8029500450,20140529,3.00e+5,3,2.5,2080,9827,2,0,0,3,8,2080,0,1989,0,98023,47.3058,-122.394,2660,9861
8567450180,20140529,5.25e+5,5,2.5,2630,9216,2,0,0,3,8,2630,0,2003,0,98019,47.7379,-121.966,2020,4980
7203600530,20140529,5.25e+5,3,3,2600,5238,1.5,0,3,3,9,1890,710,1989,0,98198,47.3448,-122.327,2220,4853
8146300020,20140529,7.23e+5,4,2.25,1960,8680,1,0,0,4,8,1290,670,1959,0,98004,47.6076,-122.192,2160,8680
922069169,20140529,5.03e+5,3,2,2590,108900,2,0,0,3,8,1980,610,1988,0,98038,47.4088,-122.055,3170,108900
4139400630,20140529,8.60e+5,3,2.5,2770,9136,2,0,0,3,10,2770,0,1991,0,98006,47.5605,-122.115,2890,8442
4039800080,20140529,1.36e+6,5,3.5,5960,13703,2,0,2,3,10,4770,1190,1984,0,98008,47.6151,-122.107,2810,17320
7853310590,20140529,6.58e+5,4,2.75,3310,6166,2,0,0,3,9,3310,0,2008,0,98065,47.521,-121.877,3200,7027
2485000100,20140529,6.85e+5,3,1.75,1940,7313,1,0,1,4,8,1440,500,1960,0,98136,47.5239,-122.387,2160,7200
7436700090,20140529,4.50e+5,4,2.75,2320,4344,2,0,0,3,8,2320,0,2012,0,98059,47.4862,-122.163,2310,3770
923049203,20140529,3.50e+5,4,2.5,2040,22653,2,0,0,3,7,2040,0,2011,0,98168,47.4991,-122.299,2020,20502
6021503698,20140529,3.05e+5,2,2.25,1000,905,3,0,0,3,8,1000,0,2006,0,98117,47.6842,-122.387,980,1023
8562890700,20140530,3.95e+5,4,2.5,2910,5000,2,0,0,3,8,2910,0,2002,0,98042,47.3782,-122.127,2740,5045
3797000830,20140530,4.25e+5,3,1.75,1680,3000,1,0,2,4,6,840,840,1900,0,98103,47.686,-122.346,1540,3700
7856410430,20140530,1.39e+6,6,2.75,5700,20000,1,0,4,4,10,2850,2850,1977,0,98006,47.5601,-122.16,3690,15700
8856920250,20140530,3.50e+5,3,2.5,2200,7278,2,0,0,3,8,2200,0,1990,0,98058,47.4624,-122.132,2190,8580
7972601900,20140530,3.00e+5,3,1,1210,9525,1,0,0,3,7,1210,0,1955,0,98106,47.5274,-122.345,1680,7620
4077800026,20140530,7.15e+5,4,1.75,3420,7200,1,0,3,5,8,1770,1650,1947,0,98125,47.7081,-122.277,2450,6200
2568300266,20140530,6.59e+5,4,2.5,3190,11375,1,0,0,5,8,2210,980,1946,0,98125,47.704,-122.3,1100,8500
6126601445,20140530,4.90e+5,3,1.75,1920,5405,1,0,2,4,7,960,960,1947,0,98126,47.5583,-122.38,1190,5405
8682262170,20140530,4.15e+5,2,1.75,1340,4664,1,0,0,3,8,1340,0,2004,0,98053,47.7182,-122.034,1350,4236
5035300834,20140530,7.50e+5,3,1.75,1700,8400,1,0,0,3,8,1460,240,1947,0,98199,47.6534,-122.415,2010,7000
6431000015,20140530,7.00e+5,4,2.5,2310,3570,1.5,0,0,3,7,1490,820,1927,2014,98103,47.6889,-122.347,1580,3060
7504100110,20140530,6.42e+5,3,2.5,2670,10082,1,0,0,3,10,2670,0,1987,0,98074,47.6359,-122.045,2740,10854
1687910100,20140530,6.55e+5,4,2.25,2060,8470,1,0,0,3,8,1440,620,1983,0,98006,47.5605,-122.124,2180,8978
1775801090,20140530,4.65e+5,4,2.25,1820,20349,1,0,0,5,8,1340,480,1977,0,98072,47.7415,-122.096,1270,12800
9284801165,20140530,3.15e+5,3,2,1060,5750,1,0,0,3,7,1060,0,1981,0,98126,47.5523,-122.372,1080,5750
824059042,20140530,1.89e+6,5,3.5,4180,17935,2,0,0,3,11,4180,0,2004,0,98004,47.5873,-122.202,2950,13760
1775920210,20140530,3.74e+5,3,1,1200,9800,1,0,0,4,7,1200,0,1971,0,98072,47.7412,-122.109,1220,10220
1133000385,20140530,7.40e+5,5,3.75,3990,18897,2,0,0,3,8,3090,900,1937,2010,98125,47.7228,-122.31,2080,9793
4364700730,20140530,2.80e+5,2,1,1880,7560,1,0,0,3,6,940,940,1919,0,98126,47.5261,-122.374,1280,7560
2215450150,20140530,3.22e+5,4,2.5,2280,7200,2,0,0,3,8,2280,0,1994,0,98030,47.3829,-122.207,2250,7200
3625500130,20140530,1.26e+6,4,2.5,3150,13700,2,0,0,4,9,3150,0,1966,0,98040,47.5309,-122.224,3200,11900
7211400525,20140530,2.50e+5,4,1,1290,5000,1.5,0,0,3,7,1290,0,1957,0,98146,47.513,-122.358,1440,2500
7397300170,20140530,3.71e+6,4,3.5,5550,28078,2,0,2,4,12,3350,2200,2000,0,98039,47.6395,-122.234,2980,19602
3022039071,20140530,8.00e+5,2,2.25,1730,31491,2,1,2,4,7,1730,0,1947,1988,98070,47.373,-122.464,1400,12410
1473120190,20140530,3.86e+5,3,2,2120,7560,1,0,0,3,9,2120,0,1991,0,98058,47.435,-122.16,2660,7700
324069058,20140530,5.68e+5,4,2,2340,50233,1,0,0,4,7,1170,1170,1966,0,98075,47.5905,-122.022,2470,62290
3026059204,20140530,8.26e+5,3,2.5,2780,11964,2,0,0,3,9,2780,0,2009,0,98034,47.7127,-122.216,1760,9640
7853361410,20140530,5.45e+5,4,2.5,2720,4738,2,0,0,3,8,2720,0,2012,0,98065,47.515,-121.869,2590,5740
424069233,20140531,6.60e+5,3,2.25,2675,40910,2,0,0,3,8,2675,0,1984,0,98075,47.5916,-122.055,2300,39438
339200130,20140531,6.93e+5,3,2.5,2460,12028,2,0,0,3,9,2460,0,1996,0,98052,47.691,-122.095,2540,12229
1446300020,20140531,5.87e+5,4,2.5,2550,6256,2,0,0,3,9,2550,0,1992,0,98072,47.7742,-122.166,2460,8256
1138010520,20140601,4.59e+5,3,1.75,1620,7330,1,0,0,4,7,1090,530,1974,0,98034,47.7148,-122.213,1380,7191
8643200055,20140601,2.43e+5,3,1.75,1790,12000,1,0,0,3,7,1040,750,1960,0,98198,47.3945,-122.313,1840,12000
7504030090,20140601,6.60e+5,4,1.75,2780,9900,2,0,0,4,10,2780,0,1978,0,98074,47.6348,-122.06,2600,12000
540100056,20140601,8.44e+5,4,2,2630,16475,2,0,0,4,8,2630,0,1953,0,98004,47.639,-122.219,2670,15001
3524039060,20140601,2.50e+5,1,1,750,4000,1,0,0,3,6,750,0,1918,0,98136,47.5243,-122.39,1770,4850
3959400135,20140602,3.80e+5,2,1,1210,4800,1,0,0,3,8,1060,150,1950,0,98108,47.5625,-122.316,1380,4800
2258500049,20140602,4.69e+5,3,1,950,4250,1.5,0,0,5,6,950,0,1948,0,98122,47.609,-122.307,2130,5120
6893300350,20140602,4.40e+5,2,2,1410,12282,1.5,0,0,5,8,1410,0,1909,1988,98024,47.5242,-121.926,1410,8931
8078350030,20140602,5.80e+5,4,2.5,2220,7064,2,0,0,3,8,2220,0,1988,0,98029,47.5716,-122.022,2220,7451
5451200600,20140602,1.25e+6,5,3.25,3160,13238,2,0,0,5,8,3160,0,1972,0,98040,47.5373,-122.224,2360,12042
1370803820,20140602,6.29e+5,3,2,1760,5000,1,0,0,5,7,960,800,1920,0,98199,47.6408,-122.403,1380,5000
952004875,20140602,6.61e+5,4,2.25,1990,4600,1.5,0,2,4,8,1420,570,1932,0,98126,47.5638,-122.38,1810,5750
6398000011,20140602,7.89e+5,3,3,3740,39640,2,0,2,3,10,3740,0,1991,0,98070,47.4036,-122.462,2930,26136
8097000190,20140602,3.50e+5,3,2.5,2680,7836,2,0,0,3,8,2680,0,1990,2009,98092,47.3203,-122.185,2340,8040
7852020250,20140602,7.26e+5,4,2.5,3190,7869,2,0,2,3,9,3190,0,2001,0,98065,47.5317,-121.866,2630,6739
8132700190,20140602,4.30e+5,2,1,990,4802,1,0,0,3,7,990,0,1947,0,98117,47.6876,-122.395,1180,5000
1795900360,20140602,6.15e+5,4,2.5,2150,9070,2,0,0,4,8,2150,0,1985,0,98052,47.7279,-122.107,2230,8995
1245500690,20140602,1.04e+6,3,2.5,2230,5750,2,0,0,3,9,2230,0,2003,0,98033,47.6938,-122.213,1900,8238
5249803550,20140602,6.35e+5,3,2.5,1960,7200,1,0,0,4,8,980,980,1940,0,98118,47.5655,-122.27,1440,7200
1704900206,20140602,4.66e+5,3,1.75,1890,7004,1,0,0,3,7,1290,600,1965,0,98118,47.5557,-122.28,1440,5378
4024101050,20140602,3.05e+5,3,1,950,13475,1,0,0,3,7,950,0,1950,0,98155,47.7543,-122.306,1240,8910
524069116,20140602,4.73e+5,3,2,1750,15500,1,0,0,3,7,1490,260,1982,0,98075,47.5887,-122.065,2450,50094
2886200070,20140602,5.50e+5,3,2,1810,4064,1.5,0,0,3,7,1810,0,1925,0,98103,47.6859,-122.339,1518,2945
9414500200,20140602,4.10e+5,4,1.75,1790,11875,1,0,0,4,7,1490,300,1969,0,98027,47.522,-122.047,1870,11760
4400900030,20140602,4.40e+5,4,2.75,2340,11034,1,0,0,3,8,1720,620,1967,0,98155,47.7686,-122.278,2370,11941
9202600060,20140602,5.35e+5,3,2.5,1690,9626,2,0,0,3,8,1690,0,1984,0,98027,47.5647,-122.092,1860,8958
4206901550,20140602,5.50e+5,3,2.5,1840,3035,1,0,0,3,7,920,920,1926,0,98105,47.6557,-122.327,1780,4000
1924059248,20140602,8.70e+5,4,3,4500,21780,2,0,2,3,9,3040,1460,1980,0,98040,47.5581,-122.213,3540,20473
7983100150,20140602,2.00e+5,3,1,1010,7245,1,0,0,3,7,1010,0,1969,0,98003,47.3338,-122.306,1300,8236
619079016,20140602,6.87e+5,4,3.25,4400,186846,2,0,0,4,9,4400,0,1993,0,98022,47.1593,-121.957,2280,186846
4136900250,20140602,2.70e+5,4,2.5,1920,8497,2,0,0,3,8,1920,0,1998,0,98092,47.2608,-122.209,1940,8436
9214400120,20140602,4.55e+5,2,1,1140,5720,1,0,0,3,7,850,290,1947,0,98115,47.6827,-122.298,1410,5832
8682230610,20140602,8.02e+5,2,2.5,2210,6327,1,0,0,3,8,2210,0,2003,0,98053,47.7114,-122.03,2170,6327
9542840630,20140602,2.98e+5,3,2.5,1950,3600,2,0,0,3,7,1950,0,2010,0,98038,47.3658,-122.021,1870,4184
1189001180,20140603,4.25e+5,3,2.25,1660,6000,1,0,0,3,7,1110,550,1979,0,98122,47.6113,-122.297,1440,4080
1189000030,20140603,6.50e+5,5,2.75,2550,5040,1.5,0,0,5,8,2550,0,1902,0,98122,47.6136,-122.299,1590,3840
7871500070,20140603,9.30e+5,4,2.5,2200,4000,2,0,0,5,8,1430,770,1908,0,98119,47.6402,-122.37,2100,4000
3188100400,20140603,5.30e+5,3,1.75,1250,6041,1.5,0,0,5,7,1250,0,1942,0,98115,47.69,-122.304,1180,6042
3410600335,20140603,3.25e+5,3,1.75,2250,26337,1,0,0,3,8,2250,0,1980,0,98092,47.3032,-122.123,1830,26337
2525300550,20140603,2.25e+5,3,1,1200,9936,1,0,0,4,6,1200,0,1969,0,98038,47.3609,-122.029,1200,10189
7227501645,20140603,2.30e+5,3,2,1440,5600,1,0,0,4,6,720,720,1942,2007,98056,47.4947,-122.185,1120,5700
1494300110,20140603,5.50e+5,4,2.5,2170,9600,1,0,0,3,7,1460,710,1980,0,98052,47.6789,-122.116,1940,8400
2652500300,20140603,1.10e+6,4,3.75,2930,3200,1.5,0,0,5,9,2130,800,1925,0,98119,47.643,-122.359,1900,4320
9393700110,20140603,4.30e+5,3,2,1360,5120,1.5,0,0,4,6,910,450,1924,0,98116,47.5587,-122.393,1440,5120
1370801585,20140603,9.75e+5,4,2.25,2290,5350,2,0,0,4,9,2120,170,1958,0,98199,47.6428,-122.411,2910,5350
8078700020,20140603,4.75e+5,3,2.25,1800,43647,1,0,0,4,8,1800,0,1976,0,98072,47.7757,-122.132,2480,25608
3303980660,20140603,1.07e+6,4,3.75,4130,12320,2,0,0,3,11,4130,0,2001,0,98059,47.5194,-122.151,3690,11227
1523069215,20140603,4.35e+5,3,1.75,2220,132858,1,0,0,3,7,1110,1110,1988,0,98027,47.4853,-122.034,2130,77536
4217400185,20140603,8.35e+5,4,2.75,1550,4000,1.5,0,0,3,9,1550,0,1930,0,98105,47.6596,-122.28,2120,4000
1702901485,20140603,4.40e+5,2,1,1230,6600,1,0,0,3,7,1130,100,1906,0,98118,47.5573,-122.282,1260,5060
1952200220,20140603,6.60e+5,3,2.5,2290,2798,3,0,0,4,9,2290,0,1953,1983,98102,47.641,-122.315,2260,5000
7312900060,20140603,2.35e+5,2,1,720,4840,1,0,0,4,6,720,0,1947,0,98126,47.5534,-122.375,1510,4840
6413100311,20140603,3.90e+5,3,2,1080,7236,1,0,0,5,7,1080,0,1947,0,98125,47.7143,-122.32,1120,8008
3876312010,20140603,4.50e+5,5,2.75,2040,7488,1,0,0,4,7,1200,840,1969,0,98034,47.7289,-122.172,1530,7488
2223089053,20140603,4.40e+5,3,2.25,1680,57063,2,0,0,4,8,1680,0,1989,0,98045,47.4669,-121.765,1910,57063
6804600260,20140603,4.20e+5,3,1.75,1660,9600,1,0,0,3,8,1380,280,1981,0,98011,47.7601,-122.167,2030,9500
5101402435,20140603,3.12e+5,3,2.25,1540,5338,1,0,0,5,7,770,770,1954,0,98115,47.6942,-122.304,1680,6525
323059208,20140603,3.20e+5,3,2,1880,10758,1,0,0,5,6,940,940,1952,0,98059,47.5091,-122.144,2060,21000
8605900060,20140603,5.45e+5,3,1.75,1810,3000,1.5,0,0,4,7,1810,0,1903,0,98107,47.6599,-122.363,1140,3000
4113800410,20140603,6.40e+5,3,2.5,2370,11172,2,0,0,3,9,2370,0,1993,0,98056,47.5345,-122.179,2550,11558
8946400210,20140603,5.48e+5,3,2.5,2110,4099,2,0,0,3,8,2110,0,2001,0,98072,47.7508,-122.17,2110,4871
9266701085,20140603,4.10e+5,2,1.75,1370,5125,1,0,0,5,6,1370,0,1944,0,98103,47.6926,-122.346,1200,5100
924069210,20140603,6.95e+5,4,2.5,2961,12146,2,0,0,3,9,2961,0,1998,0,98075,47.5839,-122.052,2620,17749
5111400081,20140603,2.80e+5,3,1.75,1590,27200,1.5,0,0,4,6,1590,0,1926,0,98038,47.4238,-122.052,1820,74052
2561360210,20140603,5.62e+5,3,2.25,2090,12112,2,0,0,3,8,2090,0,1983,0,98052,47.7015,-122.13,1760,12112
6204420180,20140603,4.25e+5,3,2.25,1870,9000,1,0,0,3,7,1440,430,1978,0,98011,47.7373,-122.198,1870,8640
6790200180,20140603,6.00e+5,4,2.5,2620,9873,2,0,0,3,8,2620,0,1987,0,98075,47.5822,-122.051,2520,9935
2423069170,20140603,7.70e+5,3,2.5,2430,54059,2,0,0,3,10,2430,0,1987,0,98027,47.4664,-121.992,2910,49658
2722059215,20140603,2.39e+5,3,1.75,1340,16480,1,0,0,4,7,1340,0,1968,0,98042,47.364,-122.162,1520,10451
8570900328,20140603,2.95e+5,2,1,1170,10621,1,0,0,3,7,1170,0,1963,0,98045,47.497,-121.78,1340,9832
1087900050,20140603,5.60e+5,3,1.75,2000,10182,1,0,0,5,7,1400,600,1963,0,98033,47.6616,-122.175,2050,10182
267000130,20140603,6.13e+5,5,2.5,2070,12000,1,0,0,4,7,1340,730,1967,0,98008,47.626,-122.104,2090,12000
3616600231,20140603,9.60e+5,4,3,4590,9150,2,0,0,3,10,3490,1100,1981,0,98177,47.7234,-122.372,2910,12348
7956300020,20140603,2.06e+5,3,1,1060,9600,1,0,0,4,6,1060,0,1962,0,98023,47.2878,-122.358,1060,9604
1155620190,20140603,4.30e+5,4,2.25,1790,7203,1,0,0,4,7,1110,680,1973,0,98155,47.7709,-122.294,2270,9000
625049153,20140603,6.05e+5,3,2,2060,4040,1,0,0,4,8,1120,940,1947,0,98103,47.6798,-122.352,1500,4000
2767604254,20140603,4.25e+5,2,2.5,1140,1182,3,0,0,3,8,1140,0,2007,0,98107,47.6713,-122.383,1290,1189
3904902630,20140603,7.20e+5,4,2.5,2870,12648,2,0,0,4,9,2870,0,1986,0,98029,47.5632,-122.017,2560,12648
191100235,20140603,1.30e+6,4,3.5,2790,10125,1.5,0,0,5,8,2790,0,1985,0,98040,47.5651,-122.22,2570,10125
2946001675,20140603,2.34e+5,2,1,940,5375,1,0,0,4,5,940,0,1952,0,98198,47.4206,-122.324,1200,7500
4039300490,20140603,4.00e+5,3,1.5,1200,4800,1,0,0,4,7,1200,0,1962,0,98007,47.6084,-122.136,1510,7668
5364200477,20140603,7.18e+5,3,1,1030,4958,1,0,0,5,7,1030,0,1952,0,98105,47.6647,-122.277,2230,6987
7784000100,20140603,6.00e+5,4,2.5,1960,14242,1,0,1,4,8,1290,670,1958,0,98146,47.4947,-122.369,2490,10907
538000450,20140603,3.15e+5,5,2.5,2090,4698,2,0,0,3,7,2090,0,1998,0,98038,47.3538,-122.025,2070,4698
8682281960,20140603,9.30e+5,2,2.5,2680,11214,1,0,0,3,9,2680,0,2006,0,98053,47.7078,-122.019,2305,6908
982850060,20140603,4.00e+5,3,2.25,1450,4706,2,0,0,3,7,1450,0,2009,0,98028,47.761,-122.232,1490,4667
1442880340,20140603,4.28e+5,3,3,2340,5002,2,0,0,3,8,2340,0,2013,0,98045,47.4831,-121.773,2790,5375
9264450460,20140603,3.09e+5,5,2.75,2481,4045,2,0,0,3,8,2481,0,2014,0,98001,47.2602,-122.284,2363,4175
1438000360,20140603,4.95e+5,5,2.75,2670,3800,2,0,0,3,8,2670,0,2014,0,98059,47.4783,-122.123,2670,3800
7325600160,20140604,2.99e+5,1,0.75,560,12120,1,0,0,3,4,560,0,1967,0,98014,47.675,-121.854,1300,19207
8018600765,20140604,2.41e+5,3,1.75,1460,10584,1,0,0,3,7,990,470,1997,0,98168,47.492,-122.317,1220,12012
3323500030,20140604,1.27e+6,5,2.5,3200,17204,1,0,0,3,7,2160,1040,1952,0,98004,47.6209,-122.222,4090,15732
3705000060,20140604,2.70e+5,3,2.25,2080,4252,1.5,0,0,3,7,1550,530,2003,0,98042,47.4203,-122.157,2080,2275
3333002440,20140604,3.28e+5,3,1,1070,7140,1,0,0,3,7,1070,0,1989,0,98118,47.5427,-122.288,1390,2374
1823059205,20140604,2.00e+5,3,1.5,2060,15837,1.5,0,0,3,6,2060,0,1903,0,98055,47.4819,-122.223,2190,8549
2175100270,20140604,1.03e+6,3,1.75,2640,8000,1,0,3,4,9,1320,1320,1960,0,98040,47.5826,-122.246,2740,6000
2115510340,20140604,2.75e+5,3,2.5,1720,8755,1,0,0,3,8,1000,720,1983,0,98023,47.3186,-122.391,1720,8690
8567300110,20140604,4.85e+5,3,2.5,2340,59058,1,0,0,3,8,2340,0,1985,0,98038,47.4052,-122.028,2700,37263
2326300090,20140604,8.65e+5,3,1.75,2090,4725,2,0,0,3,7,1610,480,1947,2013,98199,47.657,-122.394,1280,4725
3751603173,20140604,2.13e+5,3,1,920,14400,1,0,0,4,7,920,0,1977,0,98001,47.2816,-122.269,1170,9600
1522600100,20140604,7.60e+5,4,2.5,2730,36183,2,0,0,3,9,2730,0,1986,0,98052,47.7036,-122.127,2710,5964
3880900010,20140604,2.40e+6,5,3.25,3410,9088,2,0,3,3,9,2760,650,1912,0,98119,47.6285,-122.361,3540,7100
1330250010,20140604,2.90e+5,3,2,1670,7757,1,0,0,3,8,1670,0,1992,0,98030,47.3802,-122.207,2290,7859
104510440,20140604,2.20e+5,3,2.25,1500,7615,1,0,0,3,7,1150,350,1984,0,98023,47.3146,-122.351,1540,8649
1099760470,20140604,1.62e+5,4,1.75,1720,7200,1,0,0,3,7,1220,500,1974,0,98023,47.306,-122.375,1790,7200
3423600065,20140604,5.40e+5,3,1,1050,4160,1,0,0,4,7,1050,0,1925,0,98115,47.6756,-122.3,1580,3680
7229800175,20140604,4.54e+5,5,2.5,2300,23345,1,0,0,5,7,1170,1130,1967,0,98059,47.4739,-122.114,2280,23345
6431000196,20140604,5.19e+5,2,1,830,2820,1,0,0,4,7,830,0,1920,0,98103,47.689,-122.347,1460,3150
4376700030,20140604,7.46e+5,3,2.25,2370,9619,1,0,0,4,8,1650,720,1973,0,98052,47.6366,-122.099,1960,9712
2770604104,20140604,5.00e+5,3,2.5,1520,2208,2,0,0,3,8,1040,480,2007,0,98119,47.6419,-122.374,1610,1618
2770600841,20140604,6.40e+5,3,2.5,1690,1553,2.5,0,0,3,8,1690,0,2007,0,98199,47.6443,-122.385,1910,1553
8898700120,20140604,4.00e+5,3,2,2260,11305,1,0,0,3,7,1130,1130,1986,0,98055,47.4544,-122.204,2080,10248
9407102245,20140604,3.10e+5,3,2,1350,11150,1,0,0,3,7,1110,240,1995,0,98045,47.446,-121.776,1290,10043
4309700130,20140604,8.60e+5,3,3.25,4720,32467,2,0,2,3,10,3190,1530,1998,0,98059,47.508,-122.113,3260,26386
8632100010,20140604,3.65e+5,2,1,1250,8100,1,0,0,4,7,1250,0,1947,0,98125,47.7294,-122.329,1710,8100
2741100741,20140604,4.12e+5,3,1.75,1840,5101,1,0,0,5,7,1040,800,1952,0,98108,47.5585,-122.317,1340,5000
7853302130,20140604,4.19e+5,3,2.5,2060,4399,2,0,0,3,7,2060,0,2007,0,98065,47.5415,-121.884,2060,4399
1423069162,20140604,5.49e+5,4,2.25,2740,88426,2,0,0,3,7,2740,0,1991,0,98027,47.4734,-122.006,2740,62726
4140500180,20140604,5.45e+5,5,2.5,2730,17240,1,0,0,5,7,1660,1070,1958,0,98028,47.7646,-122.267,2250,13200
8669180390,20140604,2.85e+5,3,2.5,2437,5136,2,0,0,3,7,2437,0,2011,0,98002,47.3517,-122.21,2437,4614
7853350090,20140604,6.48e+5,4,2.5,3290,6203,2,0,0,3,9,3290,0,2008,0,98065,47.5441,-121.86,2990,6835
9268851630,20140604,5.20e+5,3,3.25,1540,1487,2,0,0,3,8,1540,0,2011,0,98027,47.5397,-122.027,1620,1104
7138000260,20140605,2.80e+5,3,2,1750,9750,1,0,0,3,7,1350,400,1961,0,98198,47.398,-122.299,1900,10125
6067900060,20140605,5.65e+5,3,2.75,2390,9966,1,0,0,5,8,1360,1030,1977,0,98006,47.5433,-122.185,2140,10713
8562500200,20140605,3.75e+5,3,1.75,960,8106,1,0,0,3,7,960,0,1962,0,98052,47.6737,-122.156,1650,8035
5309101200,20140605,6.20e+5,4,2.25,2400,5350,1.5,0,0,4,7,1460,940,1929,0,98117,47.6763,-122.37,1250,4880
2171400126,20140605,2.69e+5,3,1,1690,4250,1,0,0,3,7,1020,670,1967,0,98178,47.4945,-122.258,1820,8865
7625700935,20140605,8.75e+5,3,3.5,3250,6000,2,0,0,3,10,2500,750,2001,0,98136,47.5533,-122.391,1650,6000
7893802800,20140605,4.25e+5,4,2.75,2440,15349,2,0,1,4,7,2440,0,1957,0,98198,47.4117,-122.333,2280,9250
1250202255,20140605,6.48e+5,3,1.75,1290,3870,1,0,0,5,7,1290,0,1916,0,98144,47.5873,-122.29,2020,5850
3731800055,20140605,4.50e+5,4,1,2000,4676,1.5,0,0,3,7,1250,750,1916,1986,98118,47.5529,-122.268,1140,4676
7935000125,20140605,4.40e+5,3,1,1050,7500,1,0,0,3,6,1050,0,1900,0,98136,47.5473,-122.396,1380,7500
2115200160,20140605,4.45e+5,4,2.5,2340,3784,2,0,0,3,8,2340,0,2008,0,98106,47.535,-122.348,1730,4000
1336800160,20140605,8.75e+5,5,2.5,2920,5568,2,0,0,3,8,2320,600,1906,0,98112,47.6265,-122.312,2970,5568
2024079035,20140605,6.85e+5,3,2.75,3150,219978,2,0,0,4,9,3000,150,1990,0,98024,47.553,-121.946,3180,218235
1137300900,20140605,7.50e+5,4,2.75,3110,35235,2,0,0,4,9,3110,0,1983,0,98072,47.7355,-122.095,2790,35445
1523069086,20140605,3.95e+5,3,1.75,1460,22651,1,0,0,4,7,1460,0,1961,0,98027,47.4861,-122.03,2030,49222
913000315,20140605,1.30e+6,6,4.5,3902,3880,3,0,4,4,9,2782,1120,1977,0,98116,47.5837,-122.399,1100,3870
1068000235,20140605,1.16e+6,4,2.25,2980,8051,1.5,0,2,4,10,2020,960,1935,0,98199,47.6426,-122.409,2760,5499
1626079132,20140605,5.00e+5,3,2.5,2520,53143,1.5,0,0,3,7,2520,0,1988,0,98019,47.743,-121.925,2020,56628
6819100122,20140605,5.46e+5,2,1,970,3400,1,0,0,3,7,970,0,1924,0,98109,47.6444,-122.357,1180,3600
5279100680,20140605,2.40e+5,3,1,1150,4825,1,0,0,4,6,1150,0,1957,0,98027,47.5321,-122.029,1760,7121
2526069095,20140605,9.55e+5,4,4.25,5660,193593,2,0,0,3,10,4100,1560,2001,0,98019,47.7064,-121.981,3620,207141
7385310040,20140605,7.25e+5,4,2.75,2420,10962,1,0,0,3,8,1530,890,1977,0,98007,47.6218,-122.152,2620,13200
3715500220,20140605,3.86e+5,3,2,1330,8100,1,0,0,4,7,1330,0,1969,0,98034,47.7251,-122.175,1590,8100
2883200961,20140605,7.00e+5,3,1.75,1910,4800,1,0,0,3,7,1080,830,1959,0,98103,47.6844,-122.332,1750,4800
5700002325,20140605,6.40e+5,3,1.75,2340,4206,1,0,0,5,7,1170,1170,1917,0,98144,47.5759,-122.288,1360,4725
2979800764,20140605,3.90e+5,3,2,1463,868,3,0,0,3,7,1463,0,2003,0,98115,47.6843,-122.317,1484,4320
6817800510,20140605,3.73e+5,3,1.5,1180,12324,1,0,0,3,7,800,380,1981,0,98074,47.6337,-122.032,1280,11371
5078400160,20140605,1.80e+6,5,4.5,4400,15580,2,0,0,3,11,3390,1010,2003,0,98004,47.6232,-122.207,2150,14249
3041700570,20140605,4.67e+5,3,2.5,1480,14250,2,0,0,3,7,1480,0,1996,0,98033,47.6595,-122.186,1660,14250
